1846 3136
98 1034 165 1076 76.

1535 168 1590 212 39

192 271 432 313 Contentus
473 272 527 312 sit
568 272 680 313 Aiax
722 271 867 327 spoliis
898 271 1181 313 Troianorum
1214 273 1263 312 ut
1294 271 1479 320 Teucer,
1522 274 1592 328 qui

191 341 291 382 item
323 357 347 381 a
377 341 479 382 Iove
521 344 664 391 ortus,
707 341 885 382 Achillis
918 356 1037 382 arma
1066 343 1209 382 tamen
1240 356 1324 381 non
1362 342 1590 396 cupiverit:

307 410 366 452 X.
414 409 499 451 Sed
530 411 589 451 ita
621 411 775 452 Achilli
807 411 980 452 inclut1's
1011 411 1142 451 armis
1173 410 1284 451 vesci
1319 411 1463 452 studet

401 479 464 521 Ut
495 480 647 521 cuneta
678 495 726 521 ea-
757 481 899 536 opima
929 480 1040 521 levia
1069 494 1171 535 prae
1203 480 1283 520 illl's
1314 482 1450 535 putet.

189 549 300 590 Tum
332 549 447 605 apud
479 549 683 591 Ovidium
713 552 770 604 (v.
805 549 929 604 262);

401 646 456 650 —
491 624 588 659 Sunt
622 634 653 659 el
687 623 782 659 misci
812 623 994 668 vulnera,
1031 626 1159 664 cives,
1191 621 1290 661 cett.

189 688 320 743 Apud
350 689 520 729 Attium
553 689 605 729 de
632 688 826 730 hostibus
856 688 1045 742 loquitur
1075 686 1177 742 (Ov.
1209 704 1248 730 v.
1282 687 1366 729 255
1400 689 1504 742 sq.):

305 758 389 800 XI.
432 758 554 799 Inter
576 773 682 813 quos
705 773 830 814 saepe
851 761 894 799 et
925 757 1060 798 multo
1082 757 1273 798 imbutus
1301 758 1507 813 sz'mguine
1538 783 1594 790 —-

190 828 354 869 Tamen
395 828 542 870 callide
583 843 667 869 non
706 828 912 869 infitiatur
951 827 1232 868 fortissimum
1275 842 1365 868 esse
1406 828 1594 876 Aiacem,

192 901 238 939 ut
269 898 474 939 honorem
505 897 584 938 sibi
617 898 745 939 ducat
787 913 881 939 cum
913 912 962 938 eo
1000 898 1253 952 comparari,
1288 896 1422 938 multo
1444 897 1593 952 magis,

190 969 227 1008 si
258 982 354 1008 eum
386 968 574 1008 victurus
606 968 680 1008 sit:

307 1037 414 1079 XII.
439 1064 495 1068 —
516 1036 629 1078 Nz'un
661 1040 887 1093 tropaeum
918 1036 1029 1077 ferre
1061 1051 1127 1078 me
1158 1051 1182 1077 a
1212 1036 1315 1078 forti
1347 1037 1439 1078 viro

400 1106 635 1148 Pulchrum
677 1107 765 1155 est,
814 1107 849 1147 si
888 1108 1031 1147 autem
1071 1106 1199 1146 etiam
1237 1106 1382 1147 vincar
1422 1106 1531 1147 vinei
1574 1120 1597 1144 a

610 1176 687 1216 tali
718 1175 880 1216 nullum
911 1175 968 1215 mi
999 1174 1065 1216 est
1095 1175 1315 1230 probrum.

191 1244 374 1287 Ovidius
405 1246 580 1286 Aiacem
612 1245 675 1286 ita
705 1245 950 1299 loquentem
982 1244 1086 1286 facit
1116 1245 1142 1287 l.
1176 1260 1209 1288 e.
1243 1261 1281 1288 v.
1319 1244 1410 1299 19):

404 1320 482 1355 [ste
511 1319 596 1355 {alic
627 1321 793 1371 prelium
825 1320 899 1353 iam
935 1332 1034 1353 nunc
1067 1321 1288 1354 certaminis
1322 1317 1434 1354 liuius

405 1388 493 1438 Quo
526 1402 609 1423 cum
647 1389 768 1423 victas
802 1390 897 1434 erit,
932 1401 1076 1422 mecum
1111 1396 1280 1422 cerlasse
1299 1387 1469 1439 seretur.

192 1454 278 1495 Sed
310 1455 471 1507 quanto
502 1453 716 1508 ingenium
746 1452 880 1507 pluris
912 1451 1224 1493 aestimandum
1257 1452 1330 1501 sit,
1375 1467 1501 1506 quam
1534 1468 1594 1494 ro-

191 1523 283 1572 bur,
316 1525 437 1564 tanto
469 1537 513 1563 se
545 1536 747 1577 superare
777 1521 964 1563 Aiacem.

199 1734 322 1764 Accius
351 1736 537 1764 Armorum
564 1731 714 1764 iudicio:
748 1730 771 1767 1,
799 1745 831 1777 (l.
860 1745 885 1766 s,
913 1743 1054 1777 spesque
1080 1745 1105 1767 s,
1132 1744 1158 1768 s,
1187 1731 1218 1767 Ῐι,
1246 1744 1271 1767 s,
1299 1744 1325 1767 e,
1360 1729 1507 1768 (salutes
1538 1743 1598 1766 ms.

191 1790 298 1825 Palat.
328 1807 369 1814 —
394 1801 537 1834 spesque
574 1801 720 1821 summas
755 1789 790 1825 L.
817 1790 924 1832 princ.
960 1791 999 1824 A.
1029 1808 1068 1813 —-
1097 1802 1172 1833 Spes
1202 1801 1352 1821 summas
1378 1788 1401 1825 I,
1429 1807 1472 1814 —
1499 1789 1598 1822 habet

190 1848 339 1879 exet-citi
360 1847 401 1887 l.)
439 1846 643 1879 Exerciti
670 1847 773 1880 habet
799 1848 901 1880 etiam
929 1847 1080 1880 Naevius
1108 1858 1160 1890 ap.
1189 1846 1319 1882 Charis
1349 1859 1380 1890 p.
1411 1849 1488 1882 103,

307 1905 346 1940 Χ,
386 1904 473 1940 Non.
501 1915 531 1947 p.
558 1904 637 1940 1116.
666 1909 697 1940 5.
736 1906 842 1937 Vesci
864 1913 911 1936 est
938 1904 1037 1937 eslere
1065 1926 1083 1931 -
1111 1926 1129 1931 -
1161 1906 1264 1936 Vesci
1288 1907 1391 1937 elium
1417 1904 1599 1950 significat

191 1965 243 1995 uti
267 1983 286 1989 -
313 1983 332 1989 —
359 1964 484 1995 Accius
521 1966 711 1994 Armorum
744 1962 896 1994 iudicio:
934 1962 997 1994 sed
1029 1964 1055 1995 ic
1092 1962 1223 1995 Achilli
1247 1964 1382 1995 incletis
1420 1975 1452 1998 a,
1489 1975 1522 1997 v,
1557 1971 1598 1997 st,

195 2022 240 2053 Ut
267 2033 306 2053 ea
333 2029 462 2052 cuncta
491 2021 623 2064 optima
652 2020 781 2052 Achilli
812 2020 946 2064 inclyto
981 2021 1072 2052 levia
1096 2033 1183 2065 prae
1209 2020 1278 2053 illis
1300 2028 1408 2065 putet.
1436 2019 1599 2061 (indutus

192 2099 210 2105 -
236 2099 255 2105 -
282 2078 407 2110 incluto
434 2077 678 2119 1,>—itzclstz's
707 2099 725 2104 .-
752 2098 770 2104 -
797 2079 928 2120 optima
953 2081 982 2108 1's
1003 2077 1093 2110 levia
1118 2091 1206 2122 prae
1233 2090 1287 2121 mg
1311 2077 1353 2119 Ι.)
1380 2077 1415 2109 In
1437 2084 1595 2120 promptu

192 2142 262 2176 cst,
290 2137 459 2179 posterius
487 2135 617 2167 Achilli
639 2137 773 2181 inclyto
801 2146 842 2167 ex
868 2135 959 2167 linea
986 2137 1214 2177 praecedente
1239 2136 1304 2168 huc
1330 2137 1517 2178 irrepsisse,

286 2194 339 2228 xl.
377 2194 466 2228 Non.
493 2205 524 2236 p.
553 2195 631 2227 521.
659 2196 691 2227 6.
741 2194 894 2226 Imbuere
927 2194 1144 2227 consuetudo
1171 2193 1337 2226 inducere
1369 2194 1425 2226 vel
1458 2195 1493 2225 in
1511 2204 1600 2225 zcere

192 2255 386 2291 existimat,
413 2262 489 2283 cum
514 2252 557 2282 sit
582 2253 728 2295 proprie
754 2252 952 2291 maculare,
976 2252 1032 2283 vel
1053 2252 1231 2295 polluere,
1258 2252 1316 2283 vel
1337 2250 1491 2297 inficere.
1535 2254 1599 2283 Ac-

192 2312 266 2342 cius
287 2314 473 2341 Armorum
500 2308 657 2341 iudicio:
683 2311 748 2345 int,
777 2323 810 2356 q.
835 2322 862 2342 S.
886 2322 912 2344 e.
938 2321 981 2345 m,
1008 2308 1157 2341 imbutos
1178 2322 1203 2344 s,
1232 2310 1345 2349 (intra
1365 2320 1452 2354 quos
1475 2309 1599 2351 princ.)

195 2367 262 2400 CR:
289 2366 488 2399 Imbutae
513 2366 620 2399 caede
646 2378 776 2403 manus,
815 2366 876 2401 Ov.
903 2369 943 2403 Α,
970 2367 1009 2402 Λ.
1038 2369 1069 2402 2.
1097 2369 1174 2401 714.

309 2424 374 2456 xil.
413 2424 561 2459 Mam-ob.
593 2424 652 2460 lib.
695 2427 726 2460 6,
771 2428 800 2460 1,
848 2426 1046 2469 Vergilius:
1074 2427 1143 2457 Aut
1162 2425 1282 2469 spoliis
1308 2435 1373 2467 ego
1395 2425 1463 2455 iam
1490 2424 1601 2467 raptis

193 2482 353 2516 laetabor·
379 2483 503 2527 opimis
530 2486 598 2514 Aut
624 2483 694 2515 leto
720 2484 864 2526 insigni.
904 2483 1029 2515 Accius
1056 2483 1093 2514 in
1118 2493 1298 2513 armorum
1324 2481 1477 2513 iudicio:
1504 2481 1548 2515 N.
1577 2487 1600 2515 t,

182 2541 220 2585 f]
247 2553 289 2576 m,
317 2553 349 2575 ιι,
373 2538 401 2582 f
429 2552 462 2575 v.
487 2552 521 2584 l).
549 2553 575 2575 e.
602 2540 636 2575 S.
660 2548 734 2574 aut.
769 2541 862 2574 vinc.
888 2551 922 2574 v.
954 2552 986 2574 a.
1011 2547 1035 2573 t.
1068 2539 1152 2574 null.
1187 2547 1235 2571 est
1261 2551 1315 2582 pr.
1367 2538 1451 2570 Dedi
1483 2548 1601 2570 versus

194 2610 237 2631 cx
263 2599 462 2631 coniectura
492 2597 684 2632 Hcrmanni.

311 2655 389 2691 ΧΙΙΙ,
429 2655 513 2691 Non,
542 2666 573 2697 p,
609 2656 687 2689 237.
726 2658 781 2690 21.
834 2656 947 2687 Altum
975 2667 1047 2686 Ιιοη
1078 2655 1188 2686 solnm
1215 2657 1346 2686 aerium
1375 2654 1430 2685 vel
1451 2652 1602 2697 prosim-

195 2713 299 2753 dum,
336 2715 440 2746 sicuti
470 2714 679 2757 plerumque,
719 2733 736 2739 -
771 2732 788 2737 —
828 2714 941 2744 Altum
976 2720 1093 2747 velus,
1133 2713 1328 2757 (uniquam,
1369 2732 1387 2737 -
1425 2731 1442 2737 -
1477 2711 1603 2743 Accius
