1846 3136
100 415 169 458 46.

100 831 171 874 47.

99 967 170 1012 48.

96 1245 167 1288 49.

1535 173 1589 213 25

194 277 406 320 Hostibus
435 276 607 332 fugatis,
639 275 828 317 Hectore
859 278 1010 317 necato
1040 275 1149 316 redit
1170 274 1356 316 Achilles
1385 290 1481 316 cum
1503 277 1590 317 eius

195 361 384 404 corpore.
450 345 716 388 Gloriantem
747 345 965 386 audimus:

308 416 413 459 XV.
459 416 562 470 (En)
595 414 913 457 Scamandriam
952 413 1110 454 undam
1149 413 1259 455 salso
1301 414 1491 455 sanctam
1522 414 1591 455 ob-

611 484 728 526 texui
758 484 963 539 sanguine

404 553 563 609 'Atque
619 568 791 595 acervos
838 553 927 594 alto
967 553 1010 593 in
1053 553 1166 593 amni
1211 551 1388 608 corpore
1428 552 1592 608 explevi

613 622 790 664 hostico.

193 694 267 735 Ad
296 694 453 735 inimici
480 707 633 748 corpus
675 706 824 733 cruore
854 694 897 733 et
936 691 1109 747 pulvere
1148 692 1415 746 inquinatum
1446 705 1591 732 versus

194 763 461 805 acerbissime
491 762 712 804 cavillatur
743 763 983 802 mortuum:

309 833 437 875 XVI.
484 831 574 873 Ubi
603 831 715 872 minc
744 830 943 873 terricula
971 830 1047 872 tua-
1077 831 1202 871 sunt?
1244 858 1299 862 —

192 902 310 944 Illius
342 903 414 956 qui
440 901 508 956 (11.
541 901 580 943 7.
614 900 668 942 67
701 901 782 955 sq.)

306 971 459 1014 XVH.
505 969 722 1012 Primores
752 984 979 1027 procerum
1007 969 1247 1018 revocavit,
1289 984 1391 1009 num
1423 968 1507 1010 non
1535 969 1594 1010 ibi

468 1039 599 1081 Esse't
631 1040 746 1094 quis,
789 1039 861 1093 qui
901 1039 1028 1079 armis
1068 1038 1211 1080 sescum
1251 1038 1376 1079 vellet
1407 1038 1591 1081 cernere.

189 1109 255 1151 Ne
285 1110 388 1164 quid
424 1110 815 1165 praetermittatur,
858 1108 999 1150 locum
1042 1108 1413 1164 corruptissimum
1453 1112 1495 1149 et
1536 1108 1594 1149 in-

191 1178 421 1220 sanabilem
454 1179 773 1234 subiungimus:

320 1248 494 1291 XVIII.
536 1248 625 1290 Eos
664 1247 855 1289 mortalis
894 1247 1029 1289 foenis
1067 1246 1124 1288 lib
1155 1247 1215 1289 X.
1249 1247 1427 1288 miseror
1467 1261 1592 1302 saepe

614 1318 798 1359 studitos
829 1317 939 1359 volo.

308 1492 380 1528 XV,
419 1491 507 1528 Non.
533 1503 565 1535 p.
592 1494 669 1527 192.
695 1494 727 1528 2.
770 1495 911 1524 Amnem
936 1492 1129 1524 masculino
1153 1503 1279 1535 genere
1304 1491 1529 1535 appellamus.
1547 1510 1562 1518 ·
1578 1509 1594 1517 -

193 1550 376 1582 Feminino
413 1550 559 1582 Plautus
593 1549 721 1589 (Merc.
759 1552 790 1585 5.
827 1552 859 1585 2.
901 1551 971 1591 18.)
1010 1570 1029 1576 -
1071 1548 1097 1575 -’
1123 1550 1249 1581 Accius
1282 1549 1596 1594 Epimtusz'mache:

192 1606 415 1639 umandriam
442 1607 524 1642 und.
550 1620 576 1644 5,
601 1620 628 1643 s,
655 1608 798 1641 obtexus
822 1620 847 1643 s,
868 1610 907 1643 A,
933 1607 1078 1639 acerbos
1103 1619 1134 1642 a,
1158 1609 1180 1642 i,
1208 1608 1305 1638 omni
1329 1618 1358 1642 c.
1383 1619 1410 1642 e,
1437 1606 1469 1642 Ιι,
1497 1607 1592 1647 (cum

194 1663 368 1696 Andriam
403 1676 459 1708 mg
484 1665 508 1699 I.
537 1683 578 1689 ·—
605 1666 747 1698 obtexuz'
770 1664 810 1701 M,
848 1684 890 1688 —
922 1676 1067 1697 acervos
1108 1675 1168 1700 ms,
1215 1663 1316 1697 Fabri
1350 1683 1390 1687 —
1424 1664 1461 1696 in
1499 1665 1597 1696 amni

194 1721 291 1762 edd.)
338 1722 406 1754 Alii
432 1724 653 1755 coniecerunt
679 1723 803 1758 obtexi,
838 1723 902 1755 Sed
931 1722 1076 1754 similem
1104 1722 1359 1766 quodammodo
1386 1721 1500 1755 locum
1528 1722 1592 1754 ha-

193 1779 252 1811 het
283 1779 460 1823 Virgilius:
500 1779 713 1824 Coelumque
738 1780 970 1812 obtexitur
996 1780 1126 1816 umbra.
1175 1780 1238 1816 Ae.
1267 1783 1320 1815 11.
1348 1782 1427 1816 610.

310 1848 392 1884 XVl.
425 1848 511 1882 Non·
540 1861 571 1893 p.
609 1853 688 1885 227.
723 1850 779 1885 30.
832 1850 1035 1883 Ter-riculae
1071 1850 1210 1893 generis
1237 1848 1419 1893 fimim'm'.
1469 1850 1599 1882 Neutri

194 1908 319 1939 Accius
343 1908 633 1950 Epinausimace:
668 1919 700 1943 u,
724 1920 758 1943 ιι,
786 1915 870 1943 terr,
897 1914 935 1938 τα
959 1907 1072 1939 sunt?
1110 1907 1298 1946 (cei-ricula
1325 1909 1395 1939 cita
1420 1915 1501 1939 sunt
1519 1906 1595 1948 AI.)

193 1976 364 2009 Poseidon
390 1975 445 2016 (ll.
474 1977 527 2012 13.
553 1979 636 2017 219)
662 1977 704 2009 ad
730 1975 969 2009 Idomeneum:
995 1967 1079 2005 ποῦ
1111 1979 1173 2004 τοι
1206 1962 1367 2004 ἀπειλαὶ
1398 1963 1595 2016 οἴχονται.

308 2045 408 2081 xvll.
446 2045 533 2082 Non,
560 2056 592 2089 p,
617 2048 697 2082 261,
725 2048 778 2082 16,
832 2047 979 2080 Cernere
1011 2044 1193 2088 signifieat
1220 2044 1338 2077 videre
1363 2063 1380 2070 -
1403 2063 1418 2071 -
1448 2047 1595 2079 Cernere

193 2114 333 2136 rursum
365 2102 532 2136 dimicare
561 2104 618 2136 vel
648 2102 868 2138 contendere,
918 2103 1044 2135 Accius
1074 2101 1390 2148 Epinausimache:
1422 2104 1596 2147 primores

190 2168 394 2205 procertum
407 2163 586 2193 revocarit
603 2162 760 2201 nomina,
783 2162 853 2193 nisi
864 2161 963 2192 Esset
982 2161 1126 2206 quisque
1139 2172 1171 2196 a.
1188 2173 1215 2195 s,
1233 2172 1268 2195 v.
1283 2171 1312 2195 c.
1327 2167 1538 2192 revocarent
1552 2158 1595 2194 M.

308 2228 418 2265 XVlll.
451 2229 539 2266 Non.
552 2241 584 2273 p.
598 2232 676 2265 499.
688 2232 743 2265 33.
771 2230 998 2263 Αεειιςαιίνιιε
1012 2241 1081 2273 pro
1094 2230 1276 2273 genitivo·
1288 2247 1303 2255 -
1316 2229 1486 2261 Accius„-
1501 2227 1596 2260 Idem

193 2287 482 2331 Epinausimace:
509 2306 599 2312 -—
625 2288 730 2327 (libro
764 2287 895 2319 decimo
920 2287 961 2322 A.
989 2304 1031 2310 —-
1058 2288 1224 2319 misereor
1250 2288 1339 2321 1526
1368 2285 1409 2327 l.)
1445 2284 1595 2318 Coniec-

193 2349 286 2377 turas
312 2345 449 2388 quidem
484 2344 638 2377 fecerunt
662 2346 724 2377 viri
752 2345 865 2385 docti,
902 2345 962 2377 sed
995 2344 1328 2377 verisimilitudinem
1353 2354 1397 2375 ne
1423 2344 1594 2375 minimam

193 2402 331 2445 quidem
365 2408 444 2435 sunt
470 2403 630 2437 assecuti.
679 2402 803 2435 Locum
841 2403 1056 2436 divinatione
1093 2403 1208 2435 sanari
1249 2412 1319 2434 non
1359 2410 1461 2443 posse
1497 2400 1595 2432 nobis

193 2469 392 2502 persuasum
419 2460 595 2497 habemus,
644 2459 737 2493 Idem
773 2461 901 2494 iudicat
924 2460 1160 2501 Hei-mannus,
1196 2459 1427 2502 fragmentum
1454 2457 1594 2490 mutila-

196 2522 268 2550 tum
295 2527 370 2550 esse
396 2528 550 2554 censens,
