1856 3027
590 327 932 373 Tabula
1009 343 1303 376 rerum.

287 556 314 593 1.
351 554 493 602 cypria.
1567 516 1644 558 Q..

460 614 626 657 Telephus
662 639 1550 654 ................
1626 623 1646 654 3

257 672 304 710 11.
332 671 437 709 Ilias.

461 731 711 763 praemonitum
782 756 1551 770 ..............
1604 739 1645 770 12

458 789 482 825 1,
511 789 740 831 Myrmidones
765 790 840 820 sive
867 789 1017 821 Achilles
1076 814 1550 828 .........
1605 796 1645 828 13

458 847 628 880 Excursus
655 846 666 878 l
671 871 1549 885 ................
1602 853 1644 885 19

457 904 497 941 11,
524 904 810 947 Epinausimache
843 932 1549 943 .............
1599 911 1646 943 20

457 962 514 997 ΙΠ.
542 963 694 995 Hectoris
719 962 910 1005 redemptio
954 989 1549 1001 ...........
1600 968 1643 1001 26

456 1021 511 1054 tv.
537 1020 758 1064 Nyctegresia
785 1048 1549 1058 ..............
1599 1025 1643 1058 26

246 1079 311 1117 111.
345 1078 462 1116 Parva
486 1077 592 1117 IliaS.

455 1137 478 1173 Ι,
505 1138 686 1169 Armorum
713 1135 874 1168 iudicium
906 1163 1547 1175 ............
1598 1142 1642 1175 33

454 1195 483 1227 11
509 1194 753 1237 Neoptolemus
781 1219 1547 1233 ..............
1596 1201 1642 1233 42

456 1252 510 1288 111.
538 1253 746 1285 Philoctetes
779 1278 1546 1292 ..............
1596 1259 1641 1291 46

453 1311 508 1347 lv,
534 1311 770 1344 Antenoridae
838 1336 1546 1349 .............
1595 1317 1639 1349 55

455 1371 494 1405 V.
519 1371 695 1411 Astyanax
721 1369 796 1401 sive
821 1368 972 1402 Troades
1005 1394 1546 1407 ..........
1594 1374 1640 1407 58

452 1427 508 1462 Vl.
534 1427 672 1460 Hecuba
716 1451 1543 1465 ...............
1594 1432 1638 1465 63

451 1486 624 1519 Excursus
651 1485 679 1518 11
770 1510 1544 1522 ..............
1594 1491 1638 1524 64

241 1544 296 1582 lv.
323 1543 386 1583 nii
409 1543 606 1582 excidium.

453 1603 651 1646 Deiphobus
677 1604 751 1636 sive
775 1602 886 1636 Persis
952 1627 1541 1639 ...........
1593 1604 1636 1637 67

783 1850 824 1898 Ν
861 1866 890 1897 0
926 1857 943 1897 t
980 1867 1006 1897 a
1047 1866 1085 1898 e.

237 1983 282 1990 —
309 1984 350 1989 —-
381 1963 453 2006 (vel
469 1984 489 1991 -
502 1983 521 1989 -
536 1965 570 1997 in
591 1963 888 2004 annotationibus)
907 1962 1070 1996 Lineolae
1086 1962 1238 1996 indicant
1256 1962 1362 1995 verba
1379 1962 1452 1996 illic
1468 1963 1633 1996 nonnulla

379 2024 504 2056 omissa
532 2033 626 2063 esse,
661 2022 823 2066 quoniam
856 2021 897 2053 ad
924 2031 995 2054 rem
1023 2031 1090 2053 non
1126 2021 1305 2065 quadrant.
1354 2021 1468 2054 Prout.
1484 2032 1551 2054 una
1577 2021 1633 2054 vel

378 2087 458 2115 ante
475 2080 531 2114 vel
557 2085 634 2124 post
654 2080 881 2124 fragmentum
910 2079 1048 2123 aliquod
1074 2081 1199 2123 scripta
1217 2085 1268 2112 est
1293 2081 1328 2112 in
1346 2085 1509 2112 contextu
1534 2089 1633 2112 corn-

375 2140 636 2179 mentationum‚
670 2137 840 2182 significat
875 2137 930 2171 vel
967 2138 1130 2181 priorem,
1164 2137 1220 2170 vel
1254 2139 1479 2181 posteriorem
1513 2148 1632 2173 versus

375 2203 507 2241 partem
533 2202 675 2240 propter
698 2201 843 2229 metrum
870 2196 1068 2231 desiderari,

238 2273 327 2280 -—
377 2255 484 2289 Maior
507 2255 598 2288 linea
622 2256 656 2287 in
683 2255 795 2288 citatis
820 2253 972 2287 fontibus
998 2253 1052 2287 vel
1078 2253 1257 2297 fragmenti
1287 2254 1402 2294 totius,
1427 2259 1464 2286 ut
1482 2254 1515 2286 in
1542 2263 1631 2286 con-

374 2319 471 2346 textu
496 2314 793 2346 commentationis
817 2312 961 2356 legitur,
988 2311 1043 2345 vel
1070 2313 1210 2345 maioris
1237 2313 1343 2356 partis
1366 2311 1476 2345 locum
1504 2311 1631 2354 explet.

235 2399 243 2408 .
286 2400 294 2408 .
337 2397 345 2405 .
374 2371 504 2405 Puncta
526 2371 666 2405 lacunas
690 2371 885 2406 ostendunt.

235 2429 394 2473 Reliquas
421 2435 520 2463 notas
545 2429 647 2464 facile
678 2429 859 2473 intelliges.
