1856 3027
153 419 220 461 23.

156 776 224 817 24.

156 995 225 1037 25.

248 95 299 139 1ss

245 198 314 241 Cf.
366 197 416 240 11.
477 195 516 239 9.
570 194 654 238 356
705 209 767 249 sq.
844 192 1072 235 Postremo
1124 193 1232 248 petit
1285 192 1338 233 ab
1389 190 1641 238 Antilocho‚

243 271 292 310 ut
332 265 528 323 precibus
575 280 658 307 non
705 264 886 320 amplius
929 263 1132 305 molestus
1175 261 1254 303 sibi
1307 260 1393 303 fiat.
1467 261 1543 302 nle
1584 274 1644 300 re-

244 337 444 393 spondet:

360 418 437 460 VI.
482 415 593 457 Nolo
624 414 844 469 equidem3
879 413 952 454 sed
982 416 1031 454 tu
1062 412 1171 461 huic,
1196 411 1322 466 quem
1345 413 1437 460 seis,
1470 410 1581 466 qua-li
1603 411 1645 451 in

670 484 714 524 td
747 484 826 524 siet

485 554 521 596 F
525 553 726 601 idelitate,
756 552 810 593 ob
841 551 974 593 fidam
1005 551 1205 593 naturum
1237 551 1315 591 viri

486 622 676 679 Ignosce.
692 649 748 654 -—

247 696 329 738 His
361 693 499 737 verbis
530 692 745 733 inducitur
776 690 992 740 Phoenix,
1026 691 1092 732 cui
1122 689 1366 732 tribuerim:

364 776 466 818 VII.
507 773 639 815 'Iram
679 772 875 820 infrenes,
908 771 1051 813 Obstes
1085 771 1254 819 animis,
1288 770 1495 826 reprimas
1527 770 1648 812 confi-

673 842 875 884 dentiam.

248 916 308 957 Et
339 929 389 956 ex
422 915 592 955 incertis
621 913 755 953 Attii:

365 995 492 1038 VIII.
524 1021 580 1026 —-
611 993 723 1034 Nam
762 990 926 1033 nullum
967 995 1031 1033 est
1061 992 1276 1047 ingenium
1314 994 1485 1034 tantum
1515 1006 1651 1047 neque

673 1062 765 1104 tram
796 1061 935 1102 ferum

492 1132 593 1181 Cor,
626 1132 741 1187 quod
771 1146 856 1172 non
895 1130 1138 1172 labziscatur
1169 1131 1316 1187 linguai
1346 1132 1414 1173 vel
1455 1132 1652 1174 mitesczit

675 1200 801 1242 malo.

250 1274 370 1316 Idem
401 1273 512 1315 enim
543 1271 657 1328 apud
687 1270 927 1311 Homerum
959 1269 1008 1312 Il.
1043 1268 1081 1312 9.
1113 1269 1199 1312 496
1231 1285 1291 1325 sq.

491 1352 589 1405 ἆλλ,’
611 1351 801 1403 Ἀχιλεῦ,
823 1349 1010 1403 δάμασον
1031 1349 1171 1402 θυμὸν
1185 1350 1329 1405 μέγαν,
1348 1351 1445 1392 οὐδέ
1458 1352 1501 1393 τί
1514 1367 1557 1392 σε
1569 1351 1651 1406 χρή

491 1422 626 1476 νηλεὲς
641 1416 743 1474 ἦτορ
756 1419 872 1472 ἔχειν,
886 1420 1075 1474 στρεπτοὶ
1095 1419 1142 1460 δέ
1154 1436 1195 1460 τε
1215 1421 1280 1460 καὶ
1299 1421 1389 1461 θεοὶ
1406 1419 1527 1461 αὐτοί
1537 1424 1652 1464 κ.τ.λ.

251 1506 322 1549 De
351 1518 557 1560 responso
588 1501 759 1544 consule
788 1500 1040 1543 Homerum.
1100 1501 1273 1542 Ajacem
1304 1503 1412 1557 puto
1442 1501 1652 1552 ultimum,

253 1578 303 1618 ut
334 1575 438 1623 illic,
479 1573 671 1615 locutum
703 1585 806 1613 esse.
867 1569 980 1612 Nam
1020 1569 1074 1611 ad
1103 1570 1379 1612 Antilochum
1419 1571 1654 1614 adolescen-

254 1648 342 1687 tem
372 1659 458 1686 non
487 1642 594 1684 bene
625 1641 763 1682 dicere
793 1639 978 1682 Achilles
1008 1642 1202 1695 poterat:

255 1842 369 1876 Herm.
405 1846 515 1872 totum
565 1839 676 1871 locum
711 1839 872 1878 mutavit,
918 1849 985 1881 quo
1021 1849 1089 1871 non
1128 1848 1334 1881 egemus.-
1356 1838 1507 1880 Classes,
1534 1850 1652 1875 naves,

257 1899 308 1935 Cf,
339 1900 430 1940 Virg,
457 1898 542 1932 Aen.
569 1899 601 1932 2.
629 1898 683 1932 30.
710 1914 752 1919 --
776 1895 936 1928 Fortasse
961 1896 1044 1928 Attii
1072 1906 1190 1928 manus
1217 1895 1409 1940 fuitfrencz
1433 1907 1494 1939 pro
1519 1898 1606 1933 vela,

373 1967 429 2000 Vl.
463 1966 548 2001 Non.
576 1976 607 2008 p.
636 1966 711 2000 109.
740 1967 795 2000 31.
822 1964 1053 2005 Fidelitalem,
1078 1963 1192 2004 idest,
1214 1964 1338 2009 fidem,
1365 1967 1492 1997 Accius
1511 1967 1656 2010 Myrmi-

258 2026 422 2059 donibus:
451 2041 541 2048 ——
567 2025 610 2055 sic
637 2042 745 2058 -——.
787 2024 857 2056 Siet
890 2022 1010 2064 scripsi
1037 2033 1112 2054 cum
1141 2022 1263 2055 Bomio
1288 2023 1386 2056 metri
1412 2033 1526 2059 causa,

376 2095 439 2129 Vll.
475 2093 562 2128 Non.
591 2104 621 2136 p.
648 2092 727 2128 262.
756 2094 812 2127 15.
863 2090 1086 2137 Corfidencia
1119 2099 1167 2123 esc
1181 2091 1326 2137 fiducia
1349 2109 1364 2116 -
1390 2110 1405 2118 -
1433 2091 1657 2137 Corfidetm'a

259 2165 398 2185 rursum
424 2153 599 2184 temer-ilas
624 2149 778 2182 audacia
804 2167 818 2175 ·
848 2166 861 2172 -
887 2151 1012 2182 Accius
1037 2150 1074 2180 in
1103 2150 1141 2180 M
1142 2149 1401 2192 yrmidom'bus:
1437 2150 1527 2181 iram
1548 2149 1658 2193 i'fi'e·

259 2213 325 2251 m's,
351 2224 382 2246 ο.
409 2222 455 2249 (L,
481 2222 510 2245 r.
537 2220 566 2244 c,
594 2207 766 2249 (infrenes
784 2217 840 2250 mg
867 2205 890 2242 Ῑ,
908 2206 948 2242 Μ,
972 2224 1010 2230 -
1030 2207 1122 2238 iram
1147 2205 1484 2252 includant,fi·enis
1508 2207 1658 2247 obstent,

260 2282 292 2305 a,
319 2270 514 2312 reprimant
540 2278 600 2302 ms,
625 2266 754 2305 Fabri.)
805 2264 855 2300 Cf.
882 2266 984 2297 etiam
1014 2263 1052 2299 ῙΙ.
1076 2266 1107 2299 9,
1134 2266 1213 2300 225,

378 2337 458 2369 Vlll.
495 2336 580 2372 Non.
607 2337 685 2370 473.
713 2337 743 2371 7.
773 2334 951 2367 Labaseor
976 2346 1043 2378 pro
1070 2334 1147 2366 lavo
1174 2334 1239 2377 (lg.
1267 2333 1376 2376 labo.)
1417 2335 1559 2367 Accius:
1586 2345 1658 2365 non

262 2395 394 2427 nullum
419 2403 468 2426 est
493 2395 669 2438 ingenium
697 2400 852 2432 tantum,
885 2403 994 2437 neque
1020 2403 1082 2424 cor
1099 2400 1171 2423 tam
1185 2389 1331 2436 ferum,
1359 2391 1465 2434 Quod
1488 2403 1521 2426 η,
1547 2391 1569 2426 l,
1587 2391 1658 2423 lin-

261 2465 332 2496 gua
359 2453 509 2484 mitiscat
537 2463 578 2486 m,
606 2451 694 2490 (non
721 2461 787 2485 om,
814 2449 849 2485 L,
866 2448 954 2484 Am,
975 2467 1017 2472 —-
1036 2461 1116 2480 nam
1143 2450 1274 2481 nullum
1303 2449 1448 2483 1480—
1465 2461 1537 2480 non
1554 2449 1658 2480 ullum

262 2511 390 2553 princ.)
441 2510 549 2544 Scriv.
572 2508 668 2543 Voss.
698 2507 797 2540 Both.
834 2513 951 2539 contra
978 2507 1124 2539 Nonium
1161 2513 1193 2539 et
1227 2507 1332 2539 libros
1358 2506 1581 2538 emendarunt
1608 2506 1659 2537 ln-

262 2568 384 2599 bascat
416 2568 515 2599 metri
549 2576 662 2601 causa.
708 2565 933 2598 Labascor
973 2566 1101 2606 prisce,
1144 2566 1318 2597 invenitur
1349 2565 1450 2596 etiam
1483 2573 1535 2605 ap.
1571 2562 1659 2595 Van·-

263 2635 392 2659 ronem,
