1856 3027
137 483 208 528 41.

136 971 208 1015 42.

135 1249 207 1293 43.

135 1319 207 1363 44.

137 1597 208 1642 45.

233 104 289 147 24

232 209 423 260 lucebat,
466 211 622 267 repulit
652 210 808 254 hostes.
871 212 1075 255 Fortasse
1111 226 1224 254 nunc
1252 212 1441 254 Patrocli
1481 227 1636 268 corpus

232 280 275 320 in
307 293 473 321 scenam
495 281 819 336 apportabatur,
852 282 966 337 apud
997 282 1112 336 quod
1132 282 1282 323 Thetis
1314 296 1409 323 eum
1439 283 1481 322 in
1502 282 1637 323 Iliade

230 347 317 403 (19.
354 348 374 390 1
409 351 490 404 sq.)
519 351 691 393 invenit.
751 350 968 405 Loquitur
997 351 1147 405 aliquis
1176 351 1229 392 de
1258 365 1465 405 equorum
1496 351 1636 393 Achil-

231 417 281 459 lis
312 419 489 460 tristitia
517 420 585 474 (Il.
622 419 688 463 17.
720 418 862 474 426.);

348 488 409 530 X.
457 489 568 529 Item
612 489 666 530 ad
707 490 965 530 moestitiam
1005 489 1168 531 mutam
1205 489 1414 530 infantum
1453 489 1637 544 quadru-

661 558 832 614 pedum.

229 626 316 669 Hic
345 627 486 669 locum
520 628 650 669 fuisse
681 628 932 669 crediderim
963 628 1319 669 conciliandarum
1356 629 1468 669 inter
1496 628 1639 670 Achil-

229 697 312 738 lem
341 699 383 738 et
403 696 769 752 Agamemnonem
793 697 1111 739 inimicitiarum
1141 698 1208 751 (Il.
1237 697 1301 739 19.
1327 696 1381 738 55
1406 698 1499 752 sq.).
1521 697 1637 739 Dein

228 766 299 808 ille
337 767 401 808 ira
440 765 712 808 vehementer
752 768 991 808 concitatus
1028 767 1226 808 Troianis
1269 766 1504 816 maledicit,
1547 767 1637 808 suis

229 838 373 877 autem
403 837 626 878 victoriam
655 837 894 892 promittit3
929 851 974 878 se
1004 838 1114 878 enim
1143 837 1296 885 vivere,
1329 851 1374 877 se
1405 836 1505 878 odio
1526 851 1637 878 acer-

228 904 405 947 bissimo
435 906 639 947 adversus
670 906 764 947 illos
795 906 966 947 ardere:

346 975 432 1018 XI.
481 975 551 1016 An
582 974 688 1016 haee
718 976 801 1016 iam
834 975 955 1017 obliti
986 975 1086 1017 ssmt
1116 975 1339 1031 Phryges?

228 1044 414 1086 Achilles
449 1060 474 1086 a
495 1047 632 1086 matre
651 1059 819 1086 reversa
850 1045 1031 1100 denique
1047 1047 1237 1086 armatus
1267 1044 1469 1086 adversus
1490 1043 1638 1086 hostes

228 1114 526 1171 proficiscitur.
587 1114 659 1155 Ad
698 1115 839 1156 nuncii
881 1114 933 1156 de
974 1115 1063 1156 eius
1104 1114 1358 1156 fortitudine
1398 1114 1636 1156 orationem

227 1183 350 1226 facile
380 1183 634 1225 trahuntur:

346 1253 456 1296 XII.
502 1253 696 1296 Incfirsio
725 1255 787 1295 ita
816 1256 907 1294 erat
940 1254 1049 1295 aeris
1080 1281 1136 1285 ——-

346 1323 478 1366 XIII.
519 1323 589 1364 Ab
612 1323 746 1365 classe
779 1323 834 1364 ad
855 1322 1004 1364 urbem
1034 1321 1219 1364 tendunt
1249 1336 1386 1377 neque
1408 1322 1634 1378 quisquam

655 1395 800 1448 potest

439 1462 476 1504 F
479 1462 716 1518 ulgentium
748 1477 914 1503 armum
945 1462 1136 1503 armatus
1169 1461 1365 1504 ardorem
1396 1460 1528 1504 obtui.

229 1532 299 1574 De
320 1533 548 1575 certamine
569 1533 678 1573 inter
694 1531 903 1573 Achillem
931 1533 973 1573 et
988 1531 1221 1573 Hectorem
1243 1531 1310 1585 (Π.
1335 1530 1403 1573 22.
1423 1530 1507 1572 306
1531 1533 1636 1587 sq.):

347 1603 477 1645 XIV.
508 1629 565 1635 —
593 1601 762 1644 Mai-tes
793 1601 921 1642 armis
953 1600 1038 1643 dl'lo
1070 1615 1321 1656 congressos
1351 1600 1559 1643 crederes.

347 1753 388 1790 X.
425 1753 512 1789 Non.
544 1764 576 1796 p.
603 1756 636 1789 9.
664 1756 720 1789 26,
774 1754 892 1785 Mutus
931 1754 1205 1796 onomatopoeia
1246 1760 1294 1785 est
1331 1754 1487 1785 incertae
1525 1754 1637 1793 voci-5,

231 1813 336 1859 quasi
370 1813 547 1856 mugitus,⁸
581 1823 663 1844 nam
695 1819 809 1843 mutus
839 1822 946 1842 sonus
979 1818 1029 1842 est
1058 1811 1205 1854 proprie
1239 1812 1304 1856 qui
1330 1810 1539 1843 intellectum
1564 1822 1638 1842 non

230 1870 342 1905 habet,
368 1887 384 1895 ·
410 1862 430 1896 ζ
466 1870 594 1902 Accius
633 1866 946 1912 Epinausimache:
984 1880 1006 1902 ι.
1040 1880 1072 1902 (ι.
1110 1879 1152 1901 m.
1190 1875 1344 1900 mutuam
1379 1868 1570 1912 infantium
1602 1880 1640 1913 q.

249 1935 328 1960 ztem
353 1938 396 1960 ac
421 1938 464 1962 m.

231 1928 247 1968 (
348 1985 404 2021 ΧΙ,
442 1929 554 2017 Riffini
581 1989 764 2018 comment.
791 1985 824 2016 in
851 1988 959 2016 metra
984 1982 1187 2015 Terentiana
1213 1993 1246 2026 p.
1274 1984 1378 2023 2707,
1404 1984 1461 2018 33.
1514 1983 1637 2014 Varro

231 2045 267 2076 in
296 2043 384 2075 VII:
412 2042 594 2076 Clausulas
620 2053 756 2088 quoque
782 2041 974 2086 appellatas
1001 2040 1134 2080 dicunt,
1159 2039 1258 2086 quod
1280 2034 1483 2073 clauderent
1500 2047 1640 2072 senten-

230 2102 336 2142 tiam,
359 2109 396 2133 ut
421 2100 520 2144 apud
544 2101 705 2132 Accium:
733 2117 825 2122 ———

346 2158 413 2194 Xll.
454 2157 583 2192 Charis.
613 2159 643 2193 1.
670 2168 704 2200 p.
729 2158 786 2192 93.

349 2216 433 2252 Xlll,
469 2215 556 2251 Non,
582 2226 616 2258 p.
642 2217 720 2250 495,
747 2217 804 2249 21.
856 2214 1080 2246 Accusativus
1106 2225 1251 2245 numero
1285 2212 1480 2257 singularis
1500 2213 1638 2256 positus

228 2287 297 2320 pro
321 2275 474 2318 genitivo
499 2273 632 2318 plurali
658 2290 672 2298 ·
698 2289 713 2297 -
739 2272 867 2304 Accius
891 2288 906 2296 ·
932 2289 946 2296 -
974 2270 1067 2303 Idem
1086 2271 1373 2315 Epinausimace:
1399 2287 1491 2294 ——-
1518 2281 1640 2302 armo-

231 2344 308 2365 rum
334 2339 462 2367 armat,
488 2329 568 2365 ard,
594 2329 662 2365 obt.
689 2330 841 2369 (armum
865 2336 1025 2361 armatus
1052 2330 1143 2363 1526
1168 2327 1246 2369 lm.)
1292 2327 1343 2360 De
1367 2327 1552 2370 splendore
1577 2338 1638 2360 ar-

232 2412 365 2434 morum
390 2399 532 2433 Achillis
559 2398 662 2431 habet
688 2398 825 2434 Homer.
852 2397 890 2432 ll.
921 2399 973 2433 19.
1003 2400 1067 2432 14:
1102 2379 1518 2439 Μυρμιδόναςδ’ἆ’ρα
1530 2381 1638 2424 πάν-

231 2474 306 2506 τας
341 2458 402 2499 ἓλε
442 2456 621 2511 τρόμος,
662 2453 761 2496 οὐδέ
797 2471 858 2503 τις
897 2453 990 2507 ἔτλη
1037 2479 1087 2484 -
1129 2453 1257 2508 ἄντην
1297 2452 1503 2506 εἰσιδέειν,
1548 2449 1638 2493 ἀλλ’

233 2543 413 2569 ἑῖοεσαν.

279 2567 290 2582 s
348 2597 437 2632 XIV.
476 2595 606 2631 Charis.
638 2598 663 2630 1.
699 2601 730 2637 p*
769 2596 844 2629 101.
895 2595 996 2633 Duo,
1031 2593 1093 2625 hos
1130 2593 1211 2629 duo,
1263 2595 1387 2626 Accius
1412 2593 1450 2624 in
1476 2592 1638 2635 Epinau-

233 2653 397 2687 simacho:
427 2673 459 2677 —
472 2672 514 2677 —-
