1856 3027
146 220 214 263 34.

145 926 216 970 35.

144 1065 214 1110 36.

146 1426 216 1469 37.

239 116 295 158 22

354 221 437 263 ΠΙ.
479 221 576 277 (Et)
606 221 792 271 COntm,
837 225 1044 277 quantum
1087 222 1273 264 obfi'ieris
1305 223 1340 262 si
1378 221 1515 264 victl'is
1547 222 1641 271 sies,

452 289 689 333 Considera
720 294 762 333 et
794 307 879 346 quo
906 292 1079 334 revoces
1111 307 1321 332 summam
1352 292 1538 334 exerciti.

239 358 326 401 Sed
355 359 541 402 Achjlles
574 377 659 402 non
689 361 875 403 flectitur
905 361 972 416 (11.
1006 361 1072 404 18.
1109 360 1229 416 128);
1269 361 1373 402 οὐδέ
1399 378 1449 413 με
1481 362 1642 409 πείσεις.

239 429 406 472 Rursus
436 430 585 472 Thetis
615 430 682 485 (ΙΙ.
721 430 785 474 18.
824 430 944 485 128);

448 502 511 540 ναὶ
545 499 593 553 δὴ
628 499 759 542 ταῦτα’
789 516 846 553 γε,
877 500 1029 551 τέκνον,
1063 499 1276 554 ἐτήτυμον·
1310 500 1359 544 οὐ
1381 499 1508 540 κακόν
1535 500 1645 541 ἐστιν

449 569 698 622 τειρομένοις
747 566 952 623 ἑτάροισιν
1006 568 1212 622 ἀμυνέμεν
1262 568 1388 610 αἰπὺν
1453 568 1642 623 ὄλεθρον·

449 636 554 678 ἀλλά
585 664 642 670 --

239 707 439 759 Quorum
470 708 557 749 vim
588 708 649 749 ita
680 709 918 764 exprimere
948 711 1119 764 poterat
1139 709 1310 750 Attius:
1345 707 1521 764 Optime
1556 723 1646 750 sen-

237 778 315 826 tis,
347 777 431 826 fili;
463 792 562 818 nam
594 793 752 834 pravus
785 780 850 819 est
881 778 949 820 ille
979 779 1067 828 vir,
1111 779 1183 834 qui
1213 793 1290 820 nec
1321 779 1530 820 amicitiae
1559 779 1646 820 vin-

238 847 342 889 culis
374 849 546 888 tenetur

357 929 436 971 IV.
487 928 577 971 Nee
626 927 884 985 perdolescit
933 929 1022 985 fflgi
1071 930 1230 979 socios,
1283 928 1420 971 n16rte
1470 943 1644 984 campos

660 1000 841 1055 contegi.

354 1068 408 1110 V.
455 1068 618 1110 Tamen
665 1068 781 1109 hasid
829 1068 1025 1118 fatisear,
1087 1069 1189 1124 quin
1243 1071 1361 1110 tuam
1416 1067 1643 1124 implorem

657 1137 796 1180 fidem.
828 1165 885 1170 ——

237 1206 387 1249 Thetis
415 1207 649 1249 Homerica
678 1207 745 1262 (ΙΙ.
782 1207 847 1251 18.
883 1207 1021 1263 130.):

448 1276 554 1318 ἀλλά
588 1294 649 1318 τοι
679 1277 793 1319 ἔντεα
823 1277 928 1319 καλὰ
958 1277 1062 1331 μετὰ
1097 1277 1311 1332 Τρώεσσιν
1342 1277 1515 1330 ἔχονται.

237 1346 310 1388 Ad
332 1361 440 1402 quae
469 1346 656 1388 Achilles
671 1363 680 1387 :

355 1428 435 1471 VI.
482 1428 548 1470 Ut
592 1427 724 1477 minc,
769 1443 866 1471 cum
906 1429 1118 1470 animatus
1158 1429 1269 1478 iero,
1317 1444 1410 1470 sum
1452 1427 1643 1470 armatas

661 1498 776 1540 satis,

238 1566 407 1609 Thetis:
460 1566 572 1609 Sane
601 1567 792 1610 Patrocli
832 1583 946 1609 mors
979 1568 1114 1623 adigit
1152 1570 1196 1609 te
1226 1571 1276 1609 ut
1315 1568 1546 1610 vindictam
1578 1582 1644 1609 su-

239 1651 352 1687 mas3
393 1637 457 1678 ira
485 1652 588 1679 vero
628 1640 725 1686 tua,
768 1652 875 1692 quae
905 1640 949 1679 te
979 1638 1217 1679 adductura
1247 1640 1312 1680 est
1342 1640 1391 1679 ut
1427 1637 1509 1680 hoc
1547 1638 1644 1693 ipso

355 1811 414 1848 ῙΙῙ,
453 1812 539 1848 Non.
579 1823 611 1855 p.
645 1815 723 1848 485.
753 1815 805 1848 14.
857 1814 1019 1845 Exerciti
1056 1814 1109 1845 vel
1134 1814 1319 1845 exerc-ienis
1354 1824 1422 1854 pro
1460 1814 1643 1849 exercilus,

238 1872 365 1903 Accius
388 1889 403 1896 -
428 1889 447 1896 -
475 1870 567 1903 Idem
592 1871 884 1913 Epz'nausimace:
913 1887 1003 1894 ——-
1029 1870 1182 1915 (olsuris
1209 1870 1262 1904 W.
1290 1871 1408 1911 1480.)
1444 1872 1533 1912 Quo,
1567 1871 1642 1907 scii,

240 1928 283 1961 ad
310 1930 497 1963 interitum.
542 1928 613 1964 CR:
641 1929 859 1961 Revocare
885 1939 921 1960 se
947 1929 987 1961 ad
1013 1930 1219 1961 moestitiam
1246 1927 1317 1962 Cle.
1342 1928 1440 1964 Tusc,
1465 1930 1496 1963 3.
1523 1930 1578 1963 27,
1598 1946 1641 1951 -

239 1985 355 2019 Vater.
383 1987 423 2019 ad
451 1986 566 2029 Eurip.
593 1986 742 2019 Rhesum
769 1987 870 2029 plane
896 1987 1106 2029 respondere
1131 1988 1178 2020 ait
1203 1987 1254 2019 his
1279 1986 1436 2019 versibus
1463 1997 1503 2018 ex
1528 1986 1642 2018 Rheso

240 2055 361 2077 versus
390 2047 454 2079 115
482 2056 553 2089 sq.,
579 2045 669 2088 quod
698 2054 798 2077 nemo
823 2046 853 2076 ei
881 2045 1008 2080 credet.
1471 2036 1474 2040 Δ

330 2127 332 2129 ’
357 2114 410 2146 lV.
452 2113 537 2150 Non.
564 2125 597 2156 p.
625 2116 702 2148 ¹110.
729 2115 786 2148 30.
835 2115 932 2157 Fltgi
955 2113 1138 2158 affligi--
1157 2116 1283 2147 Accius
1303 2112 1641 2158 Epinausimczchae:

241 2183 304 2205 nec
327 2171 534 2217 perdoliscit
558 2171 596 2216 s
622 2184 648 2207 s,
675 2183 719 2206 m.
746 2183 774 2207 c.
809 2173 957 2215 contigi,
991 2170 1216 2215 (perdolescit
1245 2171 1324 2207 edd.
1353 2189 1394 2194 ——
1422 2172 1567 2214 contegi
1584 2170 1642 2205 lM.

242 2249 285 2254 —
311 2231 474 2274 contingi
498 2235 577 2262 ante
604 2229 646 2271 Ι.)

360 2299 401 2336 V,
442 2299 529 2335 Non.
563 2310 595 2342 p.
631 2301 710 2335 307.
747 2301 781 2334 9.
833 2299 1008 2332 Fatiscere
1044 2307 1092 2332 est
1127 2300 1286 2344 aperire,
1324 2310 1447 2331 rur-sus
1482 2297 1642 2345 deficere,

240 2359 368 2392 Accius
399 2358 686 2401 Epinausz'mace:
721 2366 836 2389 tamen
873 2364 936 2388 aut
960 2356 998 2400 j}
1030 2359 1094 2402 qui
1125 2365 1150 2393 t,
1185 2358 1207 2393 ι’,
1230 2355 1269 2401 f
1306 2356 1424 2397 (haud
1458 2355 1559 2400 Vulg.
1597 2373 1643 2381 —

241 2424 322 2448 ante
348 2414 404 2450 ΑῙ.
430 2433 477 2439 ——
501 2414 600 2447 haud
617 2414 783 2459 fatiscat·
815 2416 898 2460 quia
925 2425 983 2458 mg
1010 2413 1051 2455 Ι.)
1100 2415 1149 2450 Id.
1185 2426 1218 2458 p.
1243 2415 1323 2450 479.
1353 2416 1407 2449 10.
1456 2415 1643 2446 Fati-scun-

241 2482 302 2507 tur
333 2485 400 2517 pro
422 2472 615 2518 fatiscunt,
663 2473 790 2505 Accius
815 2473 1106 2514 Epinauszmace,
1141 2481 1165 2508 t.
1199 2480 1259 2505 aut
1274 2471 1470 2517 fatiscam,
1507 2471 1593 2517 quin
1616 2478 1642 2506 t,

241 2532 323 2576 impl,
341 2530 379 2574 f
408 2530 523 2570 (haud
546 2529 848 2574 [l1a111]fatisca1'
875 2532 964 2565 1526
990 2528 1066 2570 ΙΜ.)

358 2600 410 2634 Vl.
448 2599 535 2633 Non.
561 2610 592 2643 p.
619 2602 699 2634 233.
727 2599 779 2634 17.
832 2600 955 2631 Anima
980 2607 1028 2631 est
1053 2598 1240 2632 secundum
1267 2597 1548 2631 consuetudinem
1573 2598 1644 2639 spi-

243 2659 332 2691 ritus
357 2669 427 2703 quo
453 2659 604 2691 vivimus
630 2675 644 2684 -
671 2675 686 2683 -
709 2658 835 2690 Anima
860 2658 984 2689 iterum
1018 2656 1200 2701 significat
1228 2655 1437 2689 iracundum
1462 2655 1513 2688 vel
1531 2653 1642 2699 sul-i—
