1846 3136
1560 189 1585 230 7

189 291 258 332 De
296 291 374 331 hac
411 305 457 331 ro
498 290 602 331 bene
642 290 878 345 disputavit
916 290 1012 332 Wa
1023 304 1229 345 gnerus
1276 291 1331 332 ad
1368 291 1587 347 Euripidis

189 360 427 415 fragment-a
455 359 647 413 (Parisiis
679 359 792 414 apud
812 359 952 400 Didot
992 358 1144 400 fratres
1175 373 1217 414 p.
1241 359 1327 403 788
1357 361 1438 415 sq.)
1469 361 1587 403 cuius

193 428 400 477 nonnulla,
434 443 564 482 quum
587 428 748 483 optime
769 428 895 469 etiam
918 428 1029 469 Attii
1050 428 1301 485 fragmentis
1323 430 1586 479 conveniant,

193 497 491 540 adscribimus:
555 497 667 547 „Per
696 497 976 547 machinam“‚
1011 498 1084 547 ait,
1119 513 1257 553 „quae
1298 497 1588 552 ἒκκῦκλημα

192 567 503 622 appellabatur,
556 567 732 608 interior
760 567 1093 623 Agamemnonis
1144 569 1312 610 aedium
1353 582 1451 624 pars
1500 582 1588 623 spe-

192 637 344 678 ctanda
382 636 714 692 proponebatur.
756 663 814 669 —
845 663 902 669 —-
935 635 1044 678 Mox
1075 640 1219 678 autem
1249 637 1517 693 Agamemno
1547 640 1590 678 et

192 705 409 748 Menelaus
449 706 550 747 ludo
591 706 765 747 dimisso
803 707 847 746 in
888 720 1055 748 scenam
1095 707 1353 762 processisse
1392 706 1590 747 videntur

191 775 302 816 inter
333 789 373 816 se
404 775 632 830 litigantes,
663 778 713 815 ut
743 775 901 831 apertis
923 775 1061 817 verbis
1092 778 1279 818 testatur
1300 775 1455 831 Dictys
1485 775 1525 819 2.
1548 775 1589 817 7.

191 842 408 886 Menelaus
439 845 549 885 enim
581 843 738 885 bellum
773 844 913 899 primo
944 858 1113 899 quoque
1154 845 1222 885 die
1254 844 1491 886 continuari
1521 859 1590 886 vo-

192 912 324 961 lebat,
355 927 404 953 ac
428 929 513 955 non
545 914 673 955 modo
703 913 1037 968 Agamemnonis
1069 914 1283 969 ignaviam
1313 913 1590 970 reprehende-

191 981 279 1030 bat,
321 981 396 1022 sed
434 982 694 1023 immolatam
724 981 991 1038 Iphigeniam
1022 997 1191 1038 quoque
1221 983 1259 1024 ei
1289 981 1588 1039 exprobrabat.

192 1049 482 1103 Quamobrem
522 1052 790 1107 Agamemno
821 1051 1090 1093 vehementer
1128 1053 1172 1093 in
1209 1051 1387 1094 fratrem
1426 1052 1589 1094 invehe-

190 1121 361 1163 batur.“
423 1118 554 1162 Chori
593 1122 725 1176 igitur
765 1124 920 1176 rogatu
962 1122 1250 1176 arcessituque
1282 1122 1456 1163 adducti
1496 1136 1589 1163 con-

190 1189 331 1230 silium
361 1189 507 1230 ineunt
536 1191 677 1233 duces.
737 1190 1069 1245 Agamemnonis
1098 1190 1227 1232 verba
1257 1205 1346 1232 esse
1376 1194 1504 1247 puto:

305 1259 362 1302 V.
409 1257 626 1309 Quantam
657 1259 885 1314 Tyndareo
916 1260 1048 1315 gnata
1078 1263 1121 1301 et
1147 1260 1333 1301 Menelai
1365 1260 1516 1301 domus

414 1327 577 1371 Molem
606 1328 802 1370 excitarit
833 1328 932 1369 belli
961 1332 1194 1384 pastorque
1223 1329 1355 1372 ‘Ilius

190 1398 261 1439 De
291 1397 455 1439 Helena
483 1398 594 1438 idem
625 1398 825 1439 maledice
855 1397 1066 1452 loquitur,
1099 1414 1209 1453 quae

307 1466 387 1509 VI.
417 1493 475 1499 —-
504 1466 662 1509 Mulier
691 1482 777 1508 una
810 1467 943 1508 duum
972 1467 1124 1511 virum.
1155 1493 1213 1500 ——·

193 1533 338 1587 Quare
367 1535 544 1577 fratrem
575 1535 828 1577 adhortatur
858 1539 907 1577 ut
938 1536 1115 1578 desistat
1145 1552 1170 1578 a
1201 1538 1447 1593 proposito:

305 1605 408 1648 Vll.
453 1604 737 1660 Studiumque
768 1606 885 1647 iteris
916 1605 1099 1661 reprime
1128 1633 1185 1639 -

190 1675 242 1717 In
286 1674 484 1730 colloquii
528 1690 759 1730 progressu
804 1675 1084 1718 contumeliae
1133 1675 1435 1730 intorquentur
1479 1676 1590 1718 inter

190 1743 370 1793 fratres,
414 1745 532 1785 cuius
572 1744 689 1785 rixae
727 1744 1017 1799 fragmentum
1059 1744 1268 1786 invenisse
1303 1744 1405 1786 mihi
1445 1745 1590 1788 videor

190 1813 234 1854 in
263 1811 349 1854 his:

305 1882 432 1925 VIII.
478 1882 563 1938 Ag.
595 1880 705 1933 Quis
735 1882 864 1924 homo
896 1886 939 1924 te
969 1883 1242 1939 exsuperavit
1275 1898 1463 1939 unquam
1493 1883 1590 1940 gen-

607 1952 716 1992 tium
746 1952 1041 2008 impudentia?

477 2022 593 2064 Men.
628 2019 737 2072 Quis
768 2024 910 2063 autem
941 2022 1102 2064 malitia
1132 2022 1205 2064 te?
1245 2048 1302 2055 —-

306 2207 344 2243 V,
384 2206 484 2241 Prisc.
525 2207 547 2240 l.
587 2218 615 2241 e.
651 2210 682 2243 2.
724 2210 777 2243 16.
817 2209 934 2240 Attius
969 2209 1005 2240 in
1046 2207 1212 2252 Telepho:
1251 2226 1340 2232 ·-—-
1381 2209 1591 2254 (Tjndarea

190 2260 243 2300 ed.
271 2266 348 2300 Asc,
376 2282 417 2288 —-
445 2264 536 2296 illius
562 2265 636 2299 cod.
663 2264 771 2308 Lugd,
799 2264 875 2300 edd.
902 2271 1002 2304 vett.)

309 2321 363 2357 Vl,
403 2321 472 2353 Cic.
499 2321 593 2355 Orat.
619 2321 673 2357 46.
704 2322 778 2357 156.
830 2322 1045 2366 Tragoediae
1080 2332 1207 2355 nomen
1236 2323 1280 2355 ibi
1309 2334 1376 2354 non
1411 2323 1590 2359 indicatur,

307 2378 377 2414 Vll,
413 2378 500 2413 Non.
529 2389 560 2422 p.
594 2381 674 2414 485.
710 2379 743 2416 8.
793 2382 896 2412 lteris
930 2382 1081 2424 positum
1112 2392 1180 2424 pro
1219 2381 1354 2412 itinerts
1389 2387 1420 2412 ec
1456 2380 1591 2425 quidem

191 2446 283 2470 recte
308 2436 350 2469 ab
377 2449 415 2468 eo
451 2436 549 2482 quod
577 2438 644 2468 ieet·
669 2438 766 2469 iteris
788 2436 908 2481 fizcit,
942 2438 1048 2469 itiner
1082 2438 1228 2473 itineris.
1266 2439 1391 2469 Accius
1417 2456 1430 2462 -
1457 2454 1472 2462 -
1499 2436 1590 2469 Idem

193 2493 333 2539 Telefo:
361 2511 451 2517 ——
475 2492 601 2537 (lelnso
627 2494 698 2535 W.)

308 2551 391 2584 Vlss·
425 2550 494 2586 Cic.
521 2549 617 2586 TUSC.
644 2554 676 2587 4.
704 2554 761 2586 36.
787 2554 842 2586 77.
894 2553 953 2583 Ira
980 2563 1086 2591 vero,
1118 2563 1193 2583 cum
1220 2551 1281 2583 dtu
1304 2550 1488 2594 perturbat
1515 2551 1591 2581 ani·

192 2622 302 2648 mum,
327 2608 577 2640 dubitationem
603 2610 761 2641 insaniae
787 2621 860 2641 non
886 2609 1006 2641 habet:
1042 2610 1137 2639 cuius
1163 2609 1312 2652 impulsu
1340 2609 1455 2639 existit
1490 2609 1591 2638 eliam

191 2669 284 2698 inter
308 2665 450 2710 fratres
487 2666 555 2697 lale
590 2668 766 2710 iurgium:
799 2683 885 2690 ---ι
917 2667 1037 2704 Nosti,
1073 2678 1160 2711 quac
1196 2673 1408 2709 sequutum&
1450 2665 1594 2696 alternis

192 2726 279 2754 enim
307 2723 461 2755 ver-sibus
484 2724 734 2767 intorquentur·
759 2722 1006 2767 inter-stulte:
1031 2724 1257 2765 gravissima«
1282 2722 1528 2754 contumeliae:
1556 2730 1593 2753 ut
