1856 3027
258 112 313 154 62

468 216 612 258 Pdeua
642 221 769 271 atque
800 218 909 258 inter
940 217 1064 259 colles
1085 221 1265 273 pascunt
1286 217 1427 259 Dunai
1460 220 1500 260 in
1522 219 1652 274 Phry-

677 287 770 341 giae
800 285 1006 329 terminis,

259 355 464 409 Sequitur
496 356 712 410 inquisitio
733 356 1008 411 Astyanactis
1042 359 1084 396 et
1106 357 1344 412 quicunque
1372 372 1468 398 euin
1499 359 1657 413 reperit

257 426 317 466 ita
347 426 637 480 interrogatur
668 441 692 465 a
721 425 920 467 Menelao
950 425 1015 465 vel
1044 425 1190 467 Ulixe:

168 494 249 536 137
372 495 434 537 X.
717 521 774 526 —
834 495 968 543 Itera3
999 494 1042 534 1'n
1073 495 1225 548 quibus

467 564 672 606 Partibus
693 566 892 618 (namque
910 563 1056 604 audire
1072 564 1181 613 volo,
1206 565 1240 605 si
1257 565 1324 605 est
1340 579 1464 619 quem
1482 567 1658 621 exopto)

678 636 720 674 et
752 633 834 687 quo
867 634 995 676 modo

470 702 663 758 Captus?
733 702 770 743 F
774 703 984 744 ortunz'me
1015 719 1068 744 an
1098 702 1210 744 forte
1240 703 1467 759 repertus?

256 773 569 828 Respondent-is
603 774 722 812 sunt:

168 843 250 886 138
372 842 458 884 XI.
500 842 585 883 Hie
613 856 690 897 per
719 841 979 883 matutinum
1009 841 1151 882 lumen
1182 842 1309 884 tzirdo
1340 858 1526 899 propero
1557 843 1659 885 dum

677 912 832 966 gradu,

465 981 711 1036 Derepente
751 980 909 1036 aspicio
950 995 1003 1021 ex
1038 995 1210 1022 nemore
1247 981 1454 1036 pavidum
1491 985 1534 1023 et
1564 997 1659 1038 pro-

676 1053 898 1106 perantem
929 1050 1087 1106 egredi.

256 1121 446 1164 Puerum
485 1120 670 1161 avellunt
717 1135 739 1161 e
779 1120 1004 1176 complexu
1048 1121 1196 1161 matris
1240 1123 1282 1161 et
1323 1120 1500 1162 tradunt
1537 1121 1659 1162 alicui

255 1190 606 1232 interficiendum.
668 1190 738 1231 Ita
766 1189 1035 1245 Agamemno
1067 1191 1216 1231 mortis
1247 1190 1438 1240 Achillis,
1468 1190 1659 1232 Patrocli

258 1263 301 1302 et
336 1263 405 1302 tot
441 1260 622 1301 aliorum
661 1260 851 1300 virorum
893 1259 1098 1301 nobilium
1135 1274 1292 1315 poenas
1334 1261 1471 1316 repeti
1501 1275 1526 1300 a
1556 1260 1660 1302 Tro-

257 1330 363 1371 ianis
393 1330 535 1371 iussit:

167 1399 249 1443 139
373 1399 482 1441 XII.
528 1398 565 1440 F
569 1398 688 1439 erum
725 1398 857 1440 feroci
895 1398 1239 1440 contundendum
1279 1398 1459 1455 imperio
1496 1401 1538 1440 et
1576 1413 1660 1441 sae-

677 1482 777 1508 vum
809 1467 1004 1510 saeviter.

375 1598 419 1631 X.
456 1596 543 1632 Non.
578 1607 608 1638 p.
643 1597 723 1630 425.
748 1597 781 1632 8.
833 1597 924 1628 Fors
957 1604 990 1628 et
1014 1596 1176 1641 Jbrtuna
1204 1596 1270 1628 hoc
1307 1597 1464 1628 distant:
1488 1597 1579 1641 sors
1610 1605 1659 1629 est

258 1667 360 1688 casus
384 1654 606 1698 temporalis,
635 1654 796 1698 fortuna
835 1654 900 1686 dea
938 1662 985 1686 est
1020 1656 1106 1696 ipsa,
1159 1656 1283 1686 Accius
1319 1659 1555 1700 Astyanacte:
1588 1667 1610 1691 ι,
1636 1656 1659 1690 i,

260 1713 390 1755 Quibus
413 1725 447 1756 p,
473 1712 523 1751 (ιι,
551 1723 582 1745 a.
611 1713 661 1752 v.)
689 1714 722 1746 S,
749 1725 776 1746 e.
806 1725 839 1757 q.
866 1724 893 1746 e.
919 1719 949 1743 et
984 1724 1053 1757 quo
1091 1720 1213 1756 captus
1249 1711 1354 1743 modo
1382 1713 1588 1744 Fortunatae
1613 1725 1660 1745 an

247 1770 285 1815 J:
311 1778 481 1814 repertur,
507 1770 629 1815 (quum
656 1782 689 1809 ey
701 1778 784 1814 opto
811 1771 863 1802 W.
891 1775 970 1802 ante
992 1771 1030 1801 A.
1062 1787 1100 1792 —
1129 1769 1414 1812 reperitur-edd.)
1439 1787 1484 1794 —
1513 1772 1660 1810 llerctre,

258 1829 440 1868 nunciare,
467 1827 606 1862 referre.
656 1827 725 1861 CR:
762 1827 851 1860 Haec
877 1827 935 1859 ubi
958 1827 1117 1860 Telebois
1152 1828 1318 1859 iterarunt
1342 1827 1451 1862 Plaut.
1471 1827 1600 1870 Amph.
1628 1830 1660 1863 1.

259 1891 291 1923 1.
318 1887 372 1920 56.
400 1904 442 1909 -
469 1884 612 1918 metrum
642 1885 747 1929 vulgo
775 1887 1029 1928 anapaesticum
1058 1896 1134 1917 esse
1161 1890 1379 1928 putaverunt.

375 1944 428 1977 Xl.
467 1943 541 1976 Non
568 1954 600 1986 p.
624 1943 702 1978 518.
733 1946 785 1978 11.
835 1944 1030 1987 Derepente
1056 1964 1075 1970 -
1101 1963 1120 1969 -
1149 1944 1274 1975 Accius
1306 1945 1540 1985 Astyanacte:
1566 1942 1598 1979 Ιι,
1622 1955 1658 1986 p,

258 2016 303 2038 m.
328 2003 351 2038 I.
376 2010 400 2038 t,
425 2010 673 2046 properantem
698 2014 733 2045 g.
770 2019 881 2036 —-—-.
917 2000 1116 2043 Oxymoron
1148 2000 1213 2033 loci
1251 2011 1291 2033 eo
1328 2001 1432 2041 redit,
1467 2001 1559 2044 quod
1590 2011 1657 2044 quo

258 2061 387 2095 tardius
416 2061 437 2095 i.
467 2070 496 2094 e.
522 2060 802 2102 circumspectius
828 2060 1071 2103 quaerebatur,
1108 2069 1149 2091 eo
1176 2059 1275 2090 citius
1300 2059 1520 2102 investigatio
1547 2059 1659 2091 confi-

259 2126 424 2165 ciebatur.
478 2129 546 2165 Cf,:
595 2115 765 2158 τοιαῦθ’
824 2115 994 2157 ἑλίσσων
1048 2115 1198 2169 ἤνυτον
1259 2118 1422 2170 σχολῇ
1473 2113 1607 2167 ταχύ
1624 2132 1656 2163 ς.

259 2188 364 2232 Soph.
390 2187 508 2231 Antig.
532 2188 611 2221 231.

351 2246 417 2282 ΧΗ.
455 2245 541 2280 Non.
569 2255 600 2287 p.
626 2247 705 2281 511.
733 2246 763 2279 3.
800 2244 960 2277 saeviter
982 2256 1049 2286 pro
1076 2255 1175 2274 saeve
1194 2262 1213 2269 -
1232 2263 1250 2268 -
1270 2244 1393 2275 Accius
1422 2247 1656 2284 Astyanacte:

247 2303 340 2350 ff.
365 2316 394 2337 c.
418 2304 586 2346 imperisit
610 2315 636 2337 s,
664 2316 690 2337 s,
716 2300 1018 2341 (contundendam
1049 2302 1211 2335 saeviter.
1249 2301 1395 2333 Saevum
1420 2313 1487 2345 pro
1508 2302 1659 2333 saeviter·

257 2368 337 2396 ante
363 2361 407 2394 M.
437 2379 479 2384 —
506 2369 601 2396 cont.
628 2362 668 2393 vi
695 2360 851 2405 permisit
878 2369 934 2402 mg
966 2358 1007 2399 l.)
1056 2358 1216 2390 Fortasse
1250 2357 1434 2401 legendum
1471 2360 1657 2403 imp-:ravit

257 2419 459 2462 (tx-{syllam
509 2418 577 2451 CL:
614 2417 811 2451 Contund
827 2427 900 2449 ere
932 2416 1076 2459 populos
1112 2416 1248 2449 feroces
1282 2415 1376 2459 Virg.
1413 2416 1474 2448 Ae.
1506 2418 1537 2452 1,
1571 2416 1654 2452 264.

255 2478 329 2512 Liv.
352 2478 410 2515 27.
434 2478 467 2512 2.

370 2535 455 2571 Xlll,
489 2533 575 2567 Non.
602 2545 634 2577 p.
658 2537 735 2569 172,
762 2536 795 2569 6.
847 2534 964 2565 Satias
986 2544 1054 2575 pro
1079 2533 1235 2567 satietas,
1273 2534 1396 2564 Accius
1422 2534 1656 2575 Astyanacte:

259 2606 294 2640 q,
319 2604 351 2628 c.
375 2605 410 2627 n.
437 2604 468 2628 u.
495 2605 522 2625 e.
548 2593 691 2624 satietas
717 2605 742 2627 s,
782 2591 908 2634 (satias
934 2590 1029 2630 edd.)
1056 2589 1127 2622 CR:
1165 2589 1354 2633 Explere
1379 2588 1556 2622 libidinem
1583 2586 1653 2622 Cic.

259 2649 353 2684 Cael.
377 2653 435 2686 20.
460 2652 523 2690 49,
552 2649 688 2691 explere
716 2649 830 2682 odium
857 2647 928 2682 Liv.
956 2650 987 2683 4.
1014 2650 1071 2683 32.
1101 2648 1155 2682 12.
