1856 3027
186 218 267 262 106

187 357 267 400 107

184 564 268 609 108

186 703 266 747 109

276 115 332 158 50

391 220 491 262 Vn.
535 219 625 261 Ubi
654 219 811 261 habet?
861 218 966 260 urbe
998 220 1188 275 agroue?

275 289 494 331 Minerva:

393 359 519 401 VIII.
545 383 597 389 —
620 359 737 400 Iacet
766 359 809 398 in
839 360 954 399 tecto
985 357 1184 406 hfimidm

486 426 616 479 Quod
649 428 807 468 eiulatu
839 427 994 481 qucstu
1024 428 1187 482 gemitu
1216 426 1458 468 fre'mitibus

483 497 742 538 Resonzindo
774 499 941 537 mut-um
971 496 1131 538 flebiles
1163 496 1289 538 voccs
1320 496 1464 539 refert.

392 567 476 609 IX.
521 565 668 617 Quum
699 580 721 607 e
749 566 941 621 viperino
975 566 1119 608 morsu
1149 581 1277 608 venae
1308 567 1516 608 viscerum

484 636 662 678 Vene'no
692 636 879 677 imbutae
908 635 1046 677 tetros
1078 636 1289 678 cruciatt'ls
1321 637 1445 678 cient.

396 706 457 748 X.
498 706 649 747 Vite'tm
680 706 937 761 sagittarum
967 705 1149 762 aslcupio
1175 707 1445 762 propaginat,

392 879 456 915 Vn,
492 879 578 914 Non.
615 891 648 923 p.
683 882 761 916 318,
794 882 824 915 6,
879 880 1014 912 Habere
1046 883 1132 913 salis
1166 894 1234 913 esse
1274 900 1293 906 -
1328 902 1347 907 -
1381 881 1517 913 Habere
1554 893 1677 913 rursus

274 937 434 969 habitare
462 957 479 964 -
506 957 526 964 -
553 939 678 969 Accius
706 938 890 970 Filocteee:
919 957 1009 962 —--—
1041 938 1159 978 (habet
1195 940 1293 971 turbe
1319 951 1433 983 agone
1459 939 1496 975 B,
1525 958 1566 962 —
1595 939 1676 971 urbe

276 995 351 1030 Mss.
378 995 477 1031 Merv.
506 1014 549 1019 —-
575 996 690 1027 urbem
719 995 741 1030 1,
769 997 845 1030 583.
874 1014 916 1019 -
945 1007 1114 1039 agrumve
1144 1008 1198 1040 mg
1224 996 1266 1038 Ι.)

389 1064 468 1100 vlu,
507 1064 576 1099 Cic,
599 1064 695 1100 Tustz
724 1067 755 1100 2.
784 1068 836 1100 14.
864 1067 919 1101 33.
970 1064 1041 1098 Sed
1066 1066 1120 1098 ille
1147 1074 1237 1097 certe
1265 1078 1335 1097 non
1351 1065 1471 1110 fortis
1497 1067 1559 1111 qui
1585 1084 1673 1089 —--—

273 1123 378 1161 (lecto
413 1122 511 1156 codd.
545 1122 618 1154 sere
653 1133 783 1156 omnes.
812 1141 853 1146 —
882 1124 944 1168 qui
975 1123 1074 1158 codd.
1110 1123 1218 1160 multi.
1237 1120 1280 1147 -’-
1308 1124 1449 1155 ιηιιῖιαηι
1481 1124 1582 1158 codd.
1613 1134 1676 1155 ex-

274 1185 361 1222 cept.
389 1179 522 1214 Oxonn.
549 1180 645 1223 aliq.)
673 1182 811 1212 Lectum
837 1191 965 1223 genere
990 1186 1110 1213 neutro
1138 1183 1275 1213 serioris
1295 1188 1345 1214 est
1367 1181 1554 1214 latinitatis.
1582 1181 1674 1221 (Duo

273 1243 404 1270 tantum
433 1237 588 1280 exempla
617 1240 838 1269 innotuerunt
865 1244 897 1270 et
924 1249 964 1270 ea
991 1238 1127 1281 quidem
1157 1250 1197 1271 ex
1222 1239 1400 1281 Ulpiano.)
1442 1239 1561 1282 Neque
1587 1240 1675 1272 bene

273 1297 365 1336 iungi
385 1301 546 1338 possunt:
574 1296 696 1327 lectum
717 1296 826 1333 refert
844 1307 956 1331 voces.
983 1295 1075 1328 Idem
1093 1297 1213 1340 fragm.
1241 1308 1293 1339 ap.
1314 1296 1384 1330 Cic.
1404 1297 1446 1329 de
1464 1296 1538 1330 Fin.
1564 1298 1597 1331 2.
1618 1300 1675 1333 29.

273 1356 328 1388 94,
381 1353 610 1396 Quamobrem
645 1361 745 1397 turpe
769 1353 965 1396 putandum
994 1362 1062 1393 est,
1102 1367 1174 1386 non
1207 1354 1287 1386 dico
1319 1367 1391 1386 non
1429 1354 1568 1395 dolere,
1593 1367 1674 1386 nam

273 1411 314 1443 id
333 1410 469 1456 quidem
506 1418 554 1442 est
588 1410 763 1442 interdum
796 1422 929 1443 necesse
961 1410 1023 1443 sed
1046 1423 1167 1443 saxum
1203 1412 1292 1443 illud
1325 1413 1498 1444 Lemnium
1523 1413 1676 1445 clamore

273 1469 511 1502 Pln'locletaeo
535 1466 748 1512 funestare:
784 1468 890 1508 Quod
920 1469 997 1503 ez'ul.
1024 1487 1115 1492 ——
1158 1469 1316 1509 (multam
1344 1469 1442 1502 codd.
1479 1469 1578 1513 aliq.)
1607 1470 1672 1505 CK:

274 1525 433 1558 Clamore
458 1531 492 1558 et
529 1527 698 1569 gemitu
731 1525 894 1569 tempium
932 1528 1102 1559 resonit
1133 1527 1307 1563 coelitum,
1358 1528 1471 1560 Attius
1507 1538 1561 1570 ap.
1586 1528 1673 1564 Non,

271 1595 304 1628 p.
331 1582 408 1620 504.
435 1586 491 1620 29.
519 1600 558 1608 —

387 1654 445 1689 IX.
480 1652 550 1689 Cic,
576 1653 619 1685 de
651 1652 726 1688 Fin.
760 1655 792 1688 2.
824 1655 881 1688 29.
908 1655 963 1688 94.
1014 1654 1106 1685 Huic
1139 1654 1316 1697 Epicurus
1351 1663 1530 1699 comparet
1564 1668 1610 1696 se,
1645 1658 1678 1688 si

269 1720 399 1756 potest:
429 1713 511 1745 Cam
538 1713 608 1755 vip.
636 1729 739 1744 -—-—.
765 1710 857 1742 Idem
885 1711 1006 1754 fragm.
1034 1721 1088 1753 ap.
1115 1711 1190 1746 Cic.
1220 1713 1250 1746 2.
1278 1714 1308 1745 7.
1338 1713 1391 1746 19.
1444 1712 1541 1744 Mhi!
1563 1714 1675 1756 igitur

271 1769 364 1802 hunc
388 1770 503 1802 virum
528 1771 700 1814 sagittae,
734 1782 822 1815 quas
847 1769 890 1800 ab
914 1769 1063 1802 Hercule
1090 1777 1293 1812 acceperat,
1331 1778 1401 1800 zum
1428 1771 1674 1811 consolantur,

271 1839 394 1874 quum:
431 1828 558 1873 Evip.
591 1840 633 1863 m.
676 1845 758 1850 —-—
800 1828 950 1866 (cierent
977 1827 1076 1862 codd,
1104 1826 1234 1870 aliqq.)‚
1263 1825 1310 1862 Id.
1348 1827 1387 1862 sr.
1414 1838 1467 1870 ap.
1517 1827 1602 1863 Non.
1640 1839 1672 1871 p.

271 1886 350 1921 324,
376 1887 431 1920 26.
482 1885 636 1918 Imbuere
661 1893 710 1917 est
735 1886 877 1917 initiare
903 1905 921 1911 -
948 1905 967 1911 -
994 1884 1146 1916 Imbuere
1171 1893 1219 1916 est
1252 1883 1406 1929 ilficere,
1455 1887 1580 1918 Accius
1614 1887 1674 1918 Fi-

270 1943 420 1975 locteta:
449 1954 524 1975 cum
546 1955 562 1974 e
580 1944 651 1986 vip,
666 1955 786 1974 morsu
811 1943 892 1975 bene
905 1944 989 1978 vise.
1007 1942 1145 1975 Veneno
1167 1942 1297 1974 imbuta
1316 1950 1364 1973 est
1382 1950 1475 1974 etero
1495 1944 1674 1975 cruciatus

270 2002 381 2032 sciens
396 2001 534 2040 (morsu
550 2001 681 2032 imbuta
700 2009 835 2032 taetros
849 2011 943 2032 cruc.
962 2002 1054 2032 ciens
1072 1999 1107 2034 b.
1123 2017 1164 2022 —
1180 2007 1211 2030 et
1225 2012 1285 2031 ero
1301 1999 1354 2040 Β.)
1373 2001 1486 2032 Venae
1501 2002 1671 2033 viscerum

270 2058 293 2094 i.
316 2069 334 2091 e
361 2059 394 2090 in
422 2058 542 2090 intimo
571 2069 733 2101 corpore3
761 2068 801 2090 eo
831 2059 941 2090 maior
967 2058 1114 2090 debebat
1137 2068 1212 2089 esse
1238 2047 1624 2094 vehementiadotoris.

388 2129 432 2163 X.
468 2126 538 2163 Cic.
570 2127 613 2160 de
648 2127 721 2161 Fin.
758 2130 789 2162 5.
828 2130 885 2164 11.
923 2129 978 2162 32,
1030 2127 1184 2158 ΛῙακίνηε
1220 2135 1333 2158 aulem
1369 2130 1406 2159 in
1436 2126 1502 2159 hoc
1534 2127 1672 2173 quidem

269 2197 393 2229 genere
418 2186 473 2217 vis
498 2193 547 2217 est
570 2187 757 2229 perspicua
787 2193 938 2217 naturae
970 2196 1045 2217 cum
1072 2192 1103 2217 et
1133 2184 1390 2216 mendicantem
1425 2186 1526 2217 mulli
1545 2197 1672 2229 perpe-

269 2243 424 2282 tiantur,
467 2250 504 2273 ιιι
536 2244 683 2282 vivant,
723 2251 754 2274 et
789 2251 971 2286 angantur
1004 2243 1318 2288 appropitzqaitale
1360 2244 1484 2274 mortis
1519 2241 1675 2287 conficti

270 2298 425 2331 homines
452 2308 638 2340 senectute,
675 2308 707 2332 et
734 2312 773 2332 ea
795 2298 979 2345 perferant
1006 2311 1094 2344 quae
1121 2298 1349 2332 Philoctetam
1374 2299 1530 2332 videmus
1555 2301 1591 2331 ιἰι
1605 2300 1672 2345 fiz-

270 2356 375 2397 bulis,·
404 2358 468 2402 qui
490 2369 566 2389 cum
592 2359 812 2390 cruciaretur
830 2370 901 2389 non
917 2356 1072 2398 ferendis
1090 2356 1282 2397 doloribus,
1305 2357 1532 2401 propagabat
1556 2365 1672 2389 tamen

271 2416 380 2447 vitam
406 2416 556 2457 aucupio
587 2416 816 2459 sagittarum,
842 2414 1041 2459 configebat
1069 2413 1194 2446 tardus
1220 2415 1355 2454 celeres,
1379 2422 1477 2446 stans
1498 2415 1669 2454 volantes,

271 2479 308 2504 ιιι
338 2471 436 2516 apud
459 2475 589 2504 Attium
621 2482 687 2514 est,
720 2475 977 2519 pinnarnmque
1012 2480 1177 2504 contextu
1210 2474 1359 2517 corpori
1390 2480 1589 2515 tegumenta
1603 2472 1671 2515 fa-

270 2529 393 2565 ciebat.
443 2529 536 2562 Idem
567 2530 688 2574 fragm.
726 2542 779 2574 ap,
831 2530 1010 2565 Censorin.
1049 2530 1092 2562 de
1126 2535 1224 2565 metr.
1258 2539 1289 2572 p.
1327 2532 1435 2565 2726:
1474 2531 1546 2562 Pro
1576 2537 1669 2562 veste

267 2587 387 2629 pinnis
411 2587 562 2619 membra
587 2590 692 2620 textis
715 2590 882 2632 contigit.
908 2607 951 2611 -
980 2587 1145 2620 Versuum
1178 2589 1358 2631 ingeniosa
1392 2587 1477 2620 haec
1501 2588 1669 2620 restitutio

270 2644 413 2677 debetur
439 2644 644 2682 Hermanno.
