1856 3027
395 627 445 662 De
472 627 506 661 L.
533 627 616 660 Attii
643 628 740 660 vita
768 626 902 660 abunde
930 625 1119 669 disputavit
1146 625 1222 658 Car.
1249 624 1454 670 Stahlberg:
1494 625 1678 659 Commen-

280 699 418 732 tationis
445 698 488 730 de
513 696 548 732 L.
576 696 659 729 Attii
690 697 760 729 vita
796 702 828 729 et
863 696 997 738 scriptis
1033 694 1209 737 particula.
1249 693 1387 730 Dissert.
1421 697 1537 739 inaug.
1586 695 1678 728 Halis

280 771 382 804 1844.
410 786 451 791 —
480 767 530 799 De
555 767 745 798 nominis
779 766 1015 807 scriptura
1049 774 1137 807 quae
1160 763 1249 795 dicta
1280 765 1346 796 iam
1372 769 1451 796 sunt
1476 764 1518 796 ab
1545 764 1620 796 aliis
1647 770 1680 795 et

280 838 440 880 repetita,
459 836 513 867 hic
539 845 654 867 rursus
674 834 828 877 proferre
848 833 954 868 nolui.
982 831 1034 866 Cf.
1054 831 1141 865 Jahn
1181 839 1215 864 et
1233 833 1406 866 Heinrich.
1438 834 1478 865 ad
1500 833 1590 867 Pers,
1616 838 1679 866 sat.

282 910 311 941 1.
337 908 395 941 50.
447 904 640 947 Stahtberg.
666 903 687 938 l.
715 914 743 937 c,
770 914 801 946 p.
831 903 859 936 1.
888 901 1030 936 Ritschi.
1058 901 1193 945 Parerg*
1226 901 1331 937 Viam.
1361 904 1392 936 1.
1420 904 1474 936 36.
1513 901 1678 945 Equidem

280 980 394 1018 persto
422 975 454 1006 in
473 975 642 1006 sententia
670 983 801 1012 eorum,
829 973 885 1016 qui
908 977 941 1003 et
967 971 1135 1003 Attium
1163 976 1196 1002 et
1221 970 1397 1003 Accium
1425 972 1498 1003 iure
1525 972 1679 1014 usurpari

282 1043 512 1082 contendunt,
540 1043 710 1075 Actium
739 1052 820 1074 vero
848 1040 953 1077 falso;
988 1040 1109 1084 quibus
1136 1040 1388 1073 Lachmannum
1416 1050 1554 1084 quoque
1579 1050 1681 1072 acce-

282 1113 376 1153 dere,
402 1114 512 1145 virum
538 1110 805 1154 orthographiae
833 1109 973 1142 Latinae
999 1110 1250 1152 peritissimum,
1277 1114 1313 1141 ut
1339 1111 1411 1141 eius
1435 1109 1579 1141 Lucretii
1607 1108 1682 1141 ele-

282 1183 481 1227 gantissima
517 1181 622 1213 editio
660 1179 795 1222 prodit,
843 1178 931 1211 hau-l
978 1180 1072 1221 parvi
1117 1179 1281 1210 momenti
1319 1177 1567 1210 haesitantibus
1607 1187 1683 1210 esso

283 1252 409 1285 iudico.

398 1319 451 1353 Ad
477 1318 736 1361 dispos'tionem
765 1317 856 1361 quod
882 1317 1004 1349 attinet
1030 1320 1355 1350 commentationum
1386 1316 1428 1349 de
1454 1316 1577 1348 sabutis
1603 1326 1682 1349 cre-

284 1390 420 1433 pidatis,
446 1398 588 1433 quarum
615 1387 721 1430 longe
744 1387 854 1419 maior
879 1387 1152 1430 fragmentorum
1180 1397 1341 1418 numerus
1368 1391 1541 1428 superest,
1573 1387 1680 1418 secuti

283 1470 400 1493 sumus
422 1459 589 1491 rationem
607 1455 781 1489 Welckeri
808 1455 1043 1498 aliorumque,
1070 1456 1126 1499 qui
1149 1455 1337 1488 secundum
1372 1466 1417 1488 cn
1434 1456 1571 1487 rmina
1606 1465 1685 1496 cy-

286 1528 421 1567 clica,
450 1539 468 1560 e
496 1526 618 1571 quibus
644 1530 845 1568 argumenta
871 1524 1060 1564 fluxerunt,
1083 1525 1280 1568 tragoedias
1307 1524 1566 1559 ordinaverunt.
