1846 3136
1567 195 1592 234 5

197 295 370 350 schylus
393 298 647 350 argumenta
668 297 929 344 tractaverit,
962 295 1082 336 valde
1105 295 1157 337 ab
1179 297 1228 337 iis
1260 297 1472 338 diversum
1504 313 1593 338 esse

190 380 322 418 quum
355 365 396 404 in
438 365 635 405 universa
677 365 953 420 dispositione
994 367 1086 405 tum
1118 365 1160 404 in
1199 365 1332 406 scenis
1364 367 1590 421 primariis.

189 434 337 485 Quare
368 434 495 474 etiam
534 433 601 475 hic
631 448 726 474 eum
763 435 824 474 ita
865 433 1105 474 discessisse
1142 432 1194 473 ab
1227 434 1442 490 Aeschylo
1473 439 1592 491 puto,

189 505 239 543 ut
279 506 450 558 raptum
488 518 564 558 per
594 504 730 545 socios
760 503 936 558 Telephi
976 505 1097 543 extra
1138 517 1303 543 scenam
1342 507 1483 545 actum
1524 504 1595 545 fin-

190 573 311 614 xerit.
374 572 600 613 Adductus
632 587 725 613 sum
756 575 804 614 ut
841 572 922 614 hoc
961 572 1200 627 suspicarer
1229 572 1281 614 fr.
1324 573 1439 615 XIV
1468 573 1592 622 Attii,

189 641 327 695 quod,
359 641 438 681 nisi
468 641 549 682 hoc
578 644 761 690 statuas,
810 642 981 683 omnino
1013 640 1222 696 explicare
1252 657 1338 682 non
1367 643 1593 697 poteris*).

191 709 371 752 Scenam
402 710 531 765 Argis
562 710 692 751 fuisse
730 710 1024 752 demonstrant
1056 711 1208 765 Eurip.
1241 711 1330 752 Tel.
1363 711 1414 753 fr.
1463 712 1514 752 14
1553 714 1596 752 et

190 780 269 821 inc.
303 779 380 828 62,
413 780 527 833 quod
557 780 725 821 nonnisi
755 795 780 820 a
810 780 999 835 Telepho
1032 781 1075 820 in
1113 779 1256 821 fabula
1296 781 1596 835 cognominata

189 849 517 904 pronunciatum
560 863 650 890 esse
680 852 836 904 potest.
901 848 1094 891 Chorum
1126 864 1148 890 e
1179 849 1382 890 militibus
1417 848 1594 891 Graecis

190 919 474 974 compositum
506 933 596 959 esse
627 933 800 968 censeo,
833 934 931 959 nam
963 919 1090 960 duces
1122 919 1347 960 verisimile
1392 922 1455 959 est
1496 935 1591 960 non-

189 988 290 1029 dum
313 988 502 1043 singulos
532 989 575 1028 in
606 1003 703 1029 suas
734 991 871 1029 terras
894 988 1081 1043 dilapsos
1113 988 1255 1037 fuisse,
1292 988 1365 1029 sed
1386 988 1597 1029 retinebat

189 1072 262 1098 605
306 1057 527 1099 Menelaus
570 1058 659 1098 iure
700 1058 878 1098 iurando
925 1057 1005 1098 sibi
1049 1058 1102 1098 ad
1150 1057 1305 1098 bellum
1352 1057 1595 1099 obstrictos,

189 1127 298 1169 Viae
329 1127 467 1182 ignari
498 1130 541 1168 et
577 1127 890 1168 calamitatibus
921 1154 977 1158 --
1008 1142 1106 1167 nam
1137 1129 1437 1182 tempestatem
1470 1127 1596 1168 etiam

191 1197 355 1251 experti
398 1199 518 1237 erant
548 1223 605 1228 —
636 1196 690 1237 ad
730 1197 914 1237 reditum
954 1197 1089 1238 coacti
1135 1197 1245 1237 circa
1274 1196 1417 1251 Argos
1459 1198 1599 1237 castra

191 1266 501 1307 constituerant
542 1280 592 1307 eo
632 1280 766 1320 usque
805 1266 1032 1315 moraturi,
1076 1265 1209 1306 donec
1238 1265 1330 1306 viae
1361 1266 1510 1306 ducem
1541 1266 1599 1306 in-

190 1336 403 1376 venissent
440 1335 506 1377 vel
545 1335 766 1376 consilium
807 1350 832 1375 a
872 1335 982 1376 bello
1028 1334 1258 1375 desistendi
1299 1335 1596 1376 firmavissent.

191 1404 323 1456 Quod
353 1407 574 1460 praeterea
613 1406 656 1445 in
696 1404 869 1460 Cypriis
909 1404 1010 1453 fuit,
1050 1403 1260 1445 Achillem
1291 1419 1315 1444 a
1345 1403 1525 1445 Thetide
1555 1405 1598 1444 in

193 1474 375 1531 Scyrum
413 1474 659 1515 traductum
690 1488 780 1515 esse
820 1476 869 1515 ut
900 1473 995 1515 belli
1037 1473 1225 1528 pericula
1255 1473 1472 1528 effugeret,
1512 1489 1598 1514 non

191 1560 299 1600 opus
331 1547 395 1585 est
435 1546 483 1585 ut
514 1544 594 1585 1106
624 1544 718 1585 1060
746 1544 935 1585 curarint
966 1546 1132 1598 poetae.
1193 1540 1363 1583 Chorus
1402 1545 1544 1584 autem
1577 1558 1599 1583 e

191 1614 341 1656 castris
357 1614 411 1654 ad
431 1613 763 1669 Agamemnonis
786 1613 910 1654 aedes
927 1627 970 1653 se
992 1612 1230 1661 contulerit,
1253 1615 1302 1652 ut
1323 1615 1474 1667 urgeat
1489 1613 1599 1668 prin-

192 1684 305 1739 cipes
335 1683 394 1724 ibi
424 1686 706 1739 congregatos
729 1683 783 1723 ad
812 1685 975 1724 certum
997 1681 1168 1722 tandem
1191 1681 1414 1722 consilium
1437 1682 1598 1737 capien-

191 1753 307 1795 dum.
371 1751 507 1794 Simili
538 1753 666 1793 modo
695 1753 739 1792 in
762 1751 985 1806 Sophoclis
1019 1750 1188 1805 Oedipo
1221 1749 1412 1792 Coloneo
1443 1750 1597 1792 chorus

192 1823 327 1871 adest,
360 1825 409 1863 ut
431 1837 527 1863 cum
549 1836 649 1876 rege
678 1821 730 1862 de
751 1821 939 1862 tollenda
967 1819 1206 1861 calamitate
1228 1820 1451 1862 consultet.
1499 1820 1598 1862 Hoc

192 1892 385 1946 quamvis
415 1907 494 1947 pro
526 1894 642 1932 certo
673 1906 758 1932 non
788 1890 1109 1939 venditaverim,
1142 1892 1286 1930 tamen
1317 1890 1502 1930 indicare
1543 1890 1599 1930 vi-

193 1962 349 2002 dentur
379 1961 430 2003 fr.
462 1961 528 2003 IV
559 1962 602 2001 et
632 1960 784 2002 XVII.
817 1959 1055 2014 Prologum
1085 1959 1340 2014 pronunciat
1371 1959 1596 2014 Telephus,

193 2031 266 2085 qui
296 2030 445 2071 habitu
477 2031 714 2071 miserrimo
744 2029 929 2083 (qualem
960 2028 1183 2083 Aristoph.
1216 2028 1401 2070 Acharn.
1435 2027 1520 2068 4138
1544 2056 1599 2059 ——

193 2100 278 2142 475
311 2114 387 2156 per
408 2100 645 2140 irrisionem
678 2114 774 2140 eum
802 2097 1022 2152 describit)
1061 2098 1211 2153 pannis
1254 2097 1418 2138 obsitus
1456 2112 1507 2137 ne
1536 2113 1599 2138 co-

193 2172 468 2227 gnosceretur
499 2172 541 2211 et
561 2171 738 2224 propter
758 2168 910 2209 vulnus
933 2167 1170 2209 claudicans
1199 2168 1241 2208 in
1264 2181 1429 2207 scenam
1457 2166 1602 2221 prodit

193 2241 318 2282 sociis
349 2239 403 2280 ad
431 2239 660 2295 111311511051]
692 2240 879 2280 montem
910 2237 1120 2291 quendam
1150 2235 1220 2290 (fr.
1239 2236 1383 2290 XIV),
1417 2251 1501 2289 quo
1533 2250 1601 2275 na-

194 2311 257 2351 vis
303 2309 557 2357 occultetur,
603 2308 774 2350 relictis.
839 2306 925 2358 Qui
972 2309 1021 2348 ut
1066 2307 1329 2361 spectatores
1376 2305 1599 2360 expeditos

313 2483 355 2526 Ξ’3)
393 2482 428 2514 In
470 2482 613 2514 candem
662 2493 771 2525 nuper
823 2481 939 2513 incidit
985 2481 1216 2513 coniecturam
1286 2478 1511 2512 Grotcineicr.
1561 2495 1603 2501 ..-

196 2542 289 2585 Opus
316 2541 398 2573 illud
425 2540 590 2573 caelatum
619 2541 723 2572 cistae
741 2539 916 2579 Etruscae,
944 2538 1033 2581 quod
1062 2539 1101 2570 ad
1122 2537 1292 2580 Euripidis
1312 2536 1459 2568 fabulam
1483 2535 1605 2567 *retulit

197 2600 332 2632 Iahnius
359 2599 380 2632 1.
407 2610 448 2637 6.,
475 2598 514 2631 ad
544 2598 701 2639 Aeschyli
728 2600 840 2640 potius
868 2597 1078 2639 tragoediam
1101 2595 1316 2628 referendum
1338 2594 1484 2626 videtur.
1519 2592 1600 2625 Nam

198 2670 224 2701 si
245 2674 337 2701 recte
356 2668 493 2700 memini
513 2666 680 2709 Telephus
703 2669 733 2699 111
754 2669 883 2710 pit-lura
913 2666 968 2698 illu
988 2664 1142 2698 Orestem
1169 2656 1258 2692 61³7»
1272 2655 1292 2691 λ
1306 2654 1411 2701 (λβίυ
1428 2667 1448 2690 1'
1480 2649 1602 2702 «5261,

198 2732 232 2758 u!
258 2726 373 2759 Schol.
400 2726 420 2758 1.
447 2738 475 2758 c.
503 2724 670 2772 loquitur.
1293 2722 1296 2727 ’
