1846 3136
1534 167 1588 209 57

314 267 476 309 Aulaeo
519 283 666 323 presso
697 268 972 324 Pylaemenes
1014 282 1179 308 scenam
1221 267 1433 323 ingressus
1467 283 1591 324 expo-

197 337 329 377 suisse
365 337 554 386 videtur,
597 352 671 378 eur
710 337 791 378 hoe
831 337 924 392 ipso
965 338 1158 391 tempore
1196 337 1251 377 ad
1289 337 1394 377 hane
1432 341 1588 379 terram

196 405 420 461 appulerit.
481 406 668 448 Enarrat
710 420 914 459 quaenam
957 405 1067 445 mala
1096 420 1246 461 passus
1277 421 1372 447 eum
1406 407 1491 447 suis
1521 422 1590 462 pa-

194 475 321 515 triam
352 475 585 529 relinquere
617 475 821 516 debuerit.
883 474 996 515 Dein
1027 475 1149 514 nimis
1181 474 1506 529 gloriabundus:

106 545 186 587 123
309 544 343 586 I.
385 544 579 598 Namque
618 544 700 585 hue
739 544 915 584 advenio
956 547 1004 584 ut
1043 544 1137 584 me'a
1178 558 1257 598 ope
1299 559 1400 599 opes
1438 544 1591 586 Troiae

614 614 837 668 integrem.

193 682 338 724 Multa
368 683 494 723 etiam
527 684 656 723 iactat
688 683 739 723 (le
770 683 901 738 ipsius
925 697 1182 736 suorumque
1211 682 1474 731 fortitudine,
1509 698 1592 737 qua

194 751 314 792 facile
345 751 539 792 hostibus
571 755 778 793 terrorem
809 752 1016 792 incussuri
1048 752 1154 792 sint:

106 821 186 864 124
311 821 368 863 II.
412 821 616 862 Fortasse
647 836 699 861 an
731 822 836 870 sint,
879 821 984 874 ques
1015 821 1082 861 hie
1113 836 1197 861 non
1229 821 1384 862 mertet
1415 822 1581 862 metus?

193 890 336 945 Magis
369 890 587 945 magisque
620 889 853 930 effervescit
883 890 926 929 in
948 890 1138 940 dicendo,
1172 891 1286 944 quod
1316 891 1398 930 iam
1430 891 1592 931 numeri

193 973 391 999 versuum
426 959 634 999 indicant:

106 1030 185 1071 125
311 1027 393 1068 III.
424 1053 481 1058 -
695 1026 812 1078 Quin
842 1031 916 1068 aut
945 1028 1113 1069 illorum
1145 1028 1286 1084 copias

403 1095 599 1136 Fundam
640 1097 682 1136 in
720 1111 870 1151 eampo
910 1100 984 1137 aut
1023 1098 1140 1138 navis
1178 1113 1299 1138 uram
1337 1100 1411 1138 aut
1450 1098 1592 1141 castra

613 1165 808 1206 mactabo
839 1166 883 1205 1'n
913 1181 1040 1208 mare.

192 1235 310 1276 Dum
348 1249 438 1275 sese
481 1238 633 1289 parant
670 1234 828 1275 Heneti
869 1235 923 1274 ad
966 1234 1083 1275 urbis
1129 1235 1368 1290 ingressum
1414 1236 1592 1276 nuncius

194 1304 394 1344 accurrit:

104 1375 185 1417 126
310 1373 387 1415 IV.
429 1371 514 1413 Sed
547 1373 639 1426 quis
681 1372 748 1411 hie
787 1375 851 1412 est
895 1373 966 1426 qui
1003 1374 1263 1414 matutinum
1301 1373 1472 1415 cursum
1511 1373 1593 1414 hue

613 1441 843 1481 celeranter
873 1442 1010 1496 rapit?

193 1511 278 1552 Hie
313 1514 494 1552 mortem
532 1509 799 1565 Pylaemenis
840 1511 1047 1551 intextam
1083 1511 1212 1553 fuisse
1249 1513 1412 1567 opinor.
1474 1511 1592 1561 Dux,

194 1581 266 1635 qui
301 1580 445 1636 paullo
476 1582 573 1620 ante
603 1582 692 1619 tam
733 1579 917 1634 gloriose
949 1580 1001 1620 de
1032 1595 1076 1620 se
1105 1581 1442 1636 praedicaverat,
1482 1597 1594 1622 nune

193 1664 304 1690 nova
333 1651 529 1690 tortunae
553 1648 841 1689 vicissitudine
872 1649 1023 1689 ultima
1055 1650 1203 1690 salutis
1225 1650 1483 1704 honorisque
1518 1665 1593 1706 spe

194 1718 390 1766 orbatus,
433 1732 563 1771 quum
599 1717 739 1771 patria
776 1718 930 1758 amissa
968 1718 1147 1766 neseiat,
1188 1734 1271 1772 quo
1310 1733 1400 1760 sese
1437 1722 1591 1769 vertat,

195 1788 294 1842 quin
333 1788 461 1828 etiam
503 1787 653 1826 timere
693 1789 865 1827 coaetus
908 1786 963 1826 sit
1001 1800 1053 1827 ne
1096 1786 1362 1829 Graecorum
1400 1789 1592 1844 captivus

194 1858 288 1906 fiat,
329 1858 450 1896 tanta
486 1855 715 1910 corripitur
757 1855 1072 1910 desperatione,
1111 1860 1160 1898 ut
1191 1873 1215 1897 a
1245 1858 1334 1898 vita
1371 1858 1593 1900 inhonesta

310 2031 338 2067 l,
378 2030 462 2064 Non,
491 2040 521 2071 p.
554 2031 630 2062 227.
659 2031 690 2062 2.
744 2030 926 2071 ltacgt-ate
965 2029 1208 2074 redintegrare
1233 2050 1252 2057 -·
1281 2051 1299 2056 -
1328 2032 1452 2063 Accius
1486 2036 1590 2062 Ante-

194 2088 351 2120 noridts:
379 2101 412 2123 ιι,
439 2086 471 2122 h,
498 2087 638 2118 invenio
664 2097 695 2119 11.
724 2097 766 2120 m.
794 2098 825 2120 ο.
854 2099 886 2123 ο,
916 2087 1056 2131 Trogac
1083 2090 1106 2124 i,
1137 2089 1313 2133 (Namque
1337 2088 1424 2120 hucc
1450 2094 1529 2120 ante
1550 2088 1591 2123 Μ.

196 2164 233 2172 —
263 2155 368 2189 togae
393 2150 472 2177 ante
496 2144 554 2184 Μ,)
594 2143 737 2174 Invenio
765 2153 826 2185 pro
854 2144 1042 2177 advenio
1070 2157 1236 2190 nusquam
1265 2146 1377 2178 locum
1406 2146 1434 2178 h
1429 2146 1518 2181 1bet

310 2214 349 2250 ll,
388 2214 475 2246 Non.
503 2224 534 2255 p.
563 2213 638 2246 133.
665 2212 719 2245 32.
764 2212 948 2253 Mel-laret,
975 2223 1155 2257 met-geret,
1195 2217 1320 2247 Act-ms
1342 2213 1591 2247 Anterum-adis.-

191 2271 308 2313 fin-ln
312 2284 393 2303 semi
419 2272 486 2310 sit,
512 2281 599 2315 quos
625 2268 656 2299 Ιι.
683 2280 716 2302 η.
744 2279 787 2303 ιη,
814 2282 855 2306 m
882 2271 957 2310 (std
979 2272 1078 2318 quod
1103 2272 1200 2313 ΙΑΙ)
1231 2272 1304 2308 Cf:
1339 2273 1368 2304 Μ
1384 2277 1496 2305 ertat
1530 2282 1591 2313 pro

195 2335 356 2363 mersat
381 2328 551 2361 dicebant.
601 2325 722 2357 Festus
747 2335 778 2366 p
807 2329 882 2364 124

312 2386 367 2422 ΙΙΙ.
403 2386 489 2421 Non.
516 2396 546 2428 p.
570 2384 647 2422 341.
677 2387 731 2427 16,
784 2392 944 2422 Mac-tare:
968 2389 1214 2431 μνιιεσίρίίαιέ,
1255 2388 1378 2419 Accius
1405 2391 1593 2418 Antenorz-

195 2444 267 2476 dis:
301 2446 362 2489 qni
385 2452 443 2475 (ιιιι
474 2462 558 2466 --
589 2446 737 2490 (quievit
765 2448 902 2479 illorum
934 2448 1052 2489 copias
1078 2444 1116 2480 Β,
1147 2463 1185 2467 -
1213 2446 1296 2490 quia
1323 2452 1382 2476 (ιιιι
1410 2454 1466 2486 mg
1493 2441 1534 2482 Ι.)

311 2513 362 2547 lV.
397 2512 484 2545 Non.
512 2524 541 2555 p.
570 2515 648 2548 5¹3.
675 2516 732 2550 23.
782 2515 982 2547 Celeranter·
1013 2525 1081 2557 pro
1117 2513 1284 2548 colenter.
1337 2513 1459 2544 Accius
1495 2519 1593 2543 teno-

195 2571 304 2602 vidis:
332 2587 420 2594 --
457 2570 702 2611 (Antenoridis
735 2571 812 2607 edd.
848 2589 889 2594 -
919 2583 946 2606 c,
985 2572 1091 2614 capit,
1126 2581 1187 2605 ms,
1225 2570 1331 2604 Palae.
1363 2570 1487 2612 princ.)
1521 2567 1591 2602 Cf.:

195 2627 358 2670 Rapere
395 2638 539 2661 cursum.
592 2627 715 2661 Lucan.
742 2631 772 2662 5.
800 2630 885 2667 403,
912 2629 1015 2660 viam.
1041 2627 1140 2660 Ovid.
1167 2627 1244 2660 Her.
1271 2629 1324 2661 19.
1352 2628 1407 2666 74,
1434 2627 1508 2659 iter.
1534 2624 1592 2661 Sil.

201 2687 251 2723 12,
275 2687 375 2724 471.,
401 2696 549 2728 gressus.
601 2684 724 2720 Lucan.
751 2687 783 2720 3.
813 2688 889 2721 116.
