1846 3136
1540 176 1593 216 27

198 281 382 337 primum
413 279 652 336 fragmenta
682 283 827 335 aperte
859 279 1112 326 ostendunt,
1155 291 1320 318 scenam
1352 277 1481 319 fuisse
1511 293 1594 319 non

197 351 239 391 in
270 350 418 391 castris
449 349 662 398 Troianis,
705 348 779 389 sed
809 349 852 389 in
882 348 1081 389 concione
1114 346 1399 395 Graecorum,
1439 362 1521 401 qua
1551 362 1595 388 re

197 420 393 460 universa
431 418 598 459 fabulae
629 418 874 459 oeconomia
914 417 1083 472 penitus
1124 419 1329 456 mutatur.
1394 414 1480 457 Sed
1515 416 1596 457 hoc

198 488 460 530 contendunt
504 488 583 528 viri
634 488 772 536 docti,
824 487 965 528 locum
1006 487 1315 527 commutatum
1357 499 1446 525 esse
1485 486 1598 526 intra

198 557 462 613 tragoediam
493 558 553 598 ita
583 561 631 597 ut
661 557 778 612 prior
808 571 906 611 pars
939 556 1052 610 apud
1085 554 1296 602 Graecos9
1336 554 1468 594 altera
1498 568 1597 595 vero

196 630 246 668 ut
275 627 318 668 in
347 626 490 668 fabula
511 627 746 682 Euripidea
775 625 889 681 apud
909 625 1116 666 Troianos
1149 628 1242 665 acta
1265 624 1331 665 sit.
1378 622 1462 664 Sed
1492 623 1598 664 haec

200 697 442 738 coniectura
510 695 667 736 nullam
740 695 868 736 habet
935 694 1356 735 verisimilitudinem.
1440 692 1598 743 Quam-

199 766 262 806 vis
323 765 433 806 enim
478 765 737 814 nesciamus,
810 778 1031 818 quousque
1088 764 1380 805 Romanorum
1447 764 1598 816 po'e'tae

199 834 338 876 choris
370 834 454 874 sint
485 835 562 883 usi,
592 838 735 875 tamen
766 834 845 876 hoc
877 834 1150 876 statuendum
1181 847 1233 873 cx
1263 831 1510 886 fragmentis
1541 831 1600 870 iu-

198 904 314 952 dico,
347 903 498 945 choros
530 903 582 944 ab
613 904 662 944 iis
696 902 862 945 Graeco
894 919 1011 945 more
1043 902 1256 943 adhibitos
1288 915 1391 948 esse,
1424 900 1599 941 mutatis

199 973 356 1014 scilicet
386 973 429 1013 in
460 973 714 1014 carminibus
746 974 959 1014 mutandis
992 988 1097 1027 quae
1128 971 1308 1013 Latinae
1338 970 1505 1024 linguae
1535 969 1600 1010 vel

198 1043 281 1083 arti
311 1043 510 1083 metricae
540 1058 625 1084 non
657 1043 973 1085 conveniebant.
1019 1043 1112 1083 Iam
1140 1056 1242 1082 vero
1271 1054 1487 1093 nunquam
1518 1053 1600 1079 sce-

198 1126 254 1152 na.
294 1114 508 1160 mutatur,
549 1114 598 1153 ut
638 1113 728 1167 ipse
758 1112 893 1154 Vater
935 1112 960 1154 l.
995 1128 1029 1154 c.
1070 1127 1110 1167 p.
1142 1108 1362 1152 XXXIII
1392 1107 1599 1164 perhibet,

198 1181 278 1221 nisi
319 1180 392 1221 ubi
431 1181 544 1221 idem
576 1184 718 1222 manet
760 1181 913 1223 chorus
954 1184 1002 1222 ut
1042 1181 1085 1221 in
1114 1180 1245 1220 Aiace
1288 1177 1526 1233 Sophocleo
1558 1180 1602 1218 et

198 1250 507 1291 Eumenidibus
539 1250 752 1306 Aeschyli.
816 1251 965 1292 Ulixes
996 1252 1139 1291 autem
1171 1251 1212 1289 et
1240 1247 1496 1295 Diomedes,
1530 1246 1601 1300 qui

198 1320 241 1360 in
272 1322 412 1360 castra
441 1319 627 1360 Troiana
658 1320 923 1375 speculatum
953 1320 1084 1368 ibant,
1126 1318 1303 1360 chorum
1336 1316 1601 1358 Graecorum

199 1389 409 1430 adducere
440 1404 525 1430 non
555 1392 766 1444 poterant,
799 1390 843 1430 id
874 1390 990 1444 quod
1018 1404 1095 1445 per
1123 1403 1166 1429 se
1197 1387 1357 1428 clarum
1388 1388 1465 1427 est.
1518 1384 1602 1426 De-

198 1458 295 1499 inde
325 1457 583 1513 fragmenta,
618 1473 725 1512 quae
756 1459 810 1500 ad
841 1458 1173 1500 confirmandam
1203 1456 1318 1496 illam
1350 1454 1602 1496 sententiam

199 1542 224 1568 a
243 1527 407 1569 Vatero
429 1527 603 1582 aliisque
625 1527 881 1570 afferuntur:
911 1529 990 1571 IV.
1012 1527 1138 1570 VIII.
1161 1526 1269 1568 XII.
1291 1524 1439 1574 XIII„
1473 1538 1603 1578 quum

199 1596 401 1652 explicari
430 1612 515 1637 non
544 1597 711 1652 possint
742 1598 822 1638 nisi
852 1598 894 1638 in
927 1598 1078 1639 castris
1100 1596 1388 1638 Troianorum
1419 1608 1603 1649 pronun-

151 1663 154 1666 ⁴
200 1666 323 1715 ciata,
356 1666 526 1707 minime
547 1666 668 1707 nobis
697 1670 952 1723 repugnant,
983 1668 1114 1707 immo
1135 1665 1278 1721 potius
1300 1663 1441 1704 favere
1464 1662 1605 1704 viden-

199 1738 271 1776 tur
302 1735 535 1777 dummodo
575 1736 835 1777 consulueris
873 1736 1127 1778 Homerum.
1191 1732 1314 1785 Quae
1352 1747 1454 1774 vero
1492 1731 1604 1772 idem

199 1805 387 1848 Vaterus
419 1820 516 1846 cum
547 1805 739 1846 versibus
761 1805 1004 1860 Euripideis
1035 1803 1287 1859 composuit,
1318 1802 1473 1843 nullius
1506 1803 1605 1842 sunt

200 1874 428 1923 momenti3
470 1889 568 1915 nam
606 1877 656 1915 ut
696 1877 881 1923 taceam,
924 1873 1286 1930 comparationem
1316 1871 1439 1912 nimis
1479 1870 1606 1925 longe

199 1943 447 1984 arcessitam
470 1958 573 1992 esse,
606 1944 699 1998 quis
721 1944 939 1999 negaverit
970 1943 1182 1999 permulta
1204 1943 1331 1984 etiam
1354 1943 1460 1989 tum,
1493 1941 1529 1980 si
1563 1940 1606 1980 in

199 2013 401 2055 concione
434 2011 698 2055 Graecorum
728 2027 795 2054 res
833 2012 1059 2069 agebatur,
1099 2026 1196 2053 cum
1227 2010 1460 2066 Euripidea
1489 2009 1606 2050 fabu-

199 2082 263 2124 lae
293 2082 570 2124 adornatione
613 2098 848 2138 congruere
879 2082 1093 2131 debuisse,
1136 2096 1267 2135 quum
1298 2080 1447 2121 eodem
1477 2079 1606 2121 modo

199 2154 249 2193 ut
278 2152 394 2208 apud
423 2152 632 2194 Troianos
663 2152 828 2201 Dolon,
874 2152 989 2208 apud
1021 2150 1210 2194 Graecos
1241 2149 1392 2191 Ulixes
1431 2152 1473 2190 et
1502 2148 1605 2190 Dio-

201 2221 343 2270 medes
375 2221 661 2276 speculatores
693 2222 1001 2277 delegarentur.

319 2289 396 2332 Sin
434 2291 495 2331 ita
533 2305 601 2331 res
643 2305 733 2332 sese
773 2290 924 2340 habet,
966 2293 1016 2331 ut
1056 2304 1181 2331 scena
1221 2301 1356 2342 usque
1387 2287 1441 2328 ad
1478 2287 1605 2328 finem

200 2359 347 2400 eadem
388 2360 664 2409 remanserit,
708 2360 819 2401 illico
857 2360 996 2408 vides,
1036 2359 1148 2400 Attii
1184 2357 1373 2398 fabulam
1413 2356 1604 2398 Rhesum

201 2428 407 2484 appellari
436 2443 522 2470 non
551 2429 765 2484 potuisse,
799 2443 929 2483 quum
962 2429 1013 2469 de
1042 2427 1175 2470 Rhesi
1202 2426 1330 2468 rebus
1362 2426 1605 2481 expositum

200 2497 256 2538 sit
296 2497 619 2547 tantummod03
650 2498 741 2539 vice
780 2512 903 2539 versa
940 2498 1012 2538 vix
1052 2497 1352 2544 concesserim,
1383 2494 1604 2550 Euripidis

200 2565 390 2608 Rhesum
419 2565 742 2623 Nyctegresiam
784 2568 882 2622 apte
913 2566 1115 2622 appellari
1152 2566 1358 2621 potuisse.
1419 2563 1605 2605 Videtur

200 2636 311 2677 enim
343 2651 428 2677 non
458 2636 519 2677 ita
549 2636 835 2677 Troianorum
867 2636 1037 2684 concio,
1070 2650 1197 2690 quam
1227 2634 1479 2675 Danaorum
1511 2647 1604 2674 con-

201 2704 341 2746 silium
370 2703 676 2761 Nyctegersiae
705 2705 873 2747 nomine
905 2704 1164 2760 appellatum
1194 2703 1335 2745 fuisse.
1382 2702 1493 2744 Nam
1523 2701 1603 2743 hoc
