1856 3027
139 712 207 755 50.

230 105 284 147 26

329 257 411 299 111.
474 255 924 297 HECTORIS
986 256 1525 299 REDEMPTIO.

346 359 516 400 Attium
548 360 834 415 composuisse
856 360 1134 415 tragoediam,
1168 361 1234 402 cui
1265 361 1376 401 idem
1408 360 1537 402 fuerit
1568 377 1630 402 ar-

231 432 481 485 gumentum
504 434 630 483 atquc
652 429 852 484 Aeschyli
873 428 1118 484 Phrygibus
1141 457 1197 460 —
1219 430 1262 469 hi
1284 430 1393 470 enim
1417 446 1512 471 cum
1534 431 1626 472 Pri-

231 514 327 540 amo
357 499 559 540 Hectoris
590 499 823 539 redimendi
854 513 979 539 causa
1009 499 1051 539 in
1083 499 1258 540 Achillis
1300 500 1534 540 tentorium
1564 515 1630 541 ve-

230 571 380 609 nerant
411 595 467 599 ——
499 571 540 609 ct
573 567 795 623 Sophoclis
825 568 1071 622 (Enniique)
1109 568 1309 610 Hectoris
1348 569 1494 624 lytris,
1537 584 1631 610 con-

230 638 392 679 iectura
423 640 487 678 est
520 636 811 692 Nieberdingii
842 640 884 678 et
915 637 1151 679 Hermanni
1182 653 1233 678 ex
1263 638 1344 679 hoc
1374 653 1519 679 versu:

439 707 593 748 'Immo
625 707 838 748 enimvero
879 706 1031 762 corpus
1063 707 1237 749 Priamo
1277 708 1444 748 re'ddidi
1474 708 1632 749 Hecto-

650 791 739 817 rem
771 776 999 830 z'tbsttili.*)

230 847 382 889 Potuit
412 847 523 887 enim
553 845 738 887 Achilles
779 846 881 888 hacc
913 846 1041 887 verba
1071 862 1155 888 non
1187 847 1325 887 dicere
1362 847 1443 887 nisi
1474 861 1632 902 corpus

230 915 432 958 Hectoris
463 916 547 956 iam
578 915 839 965 reddiderat,
884 931 1013 970 quare
1043 931 1177 970 neque
1208 917 1251 956 in
1281 916 1633 971 praecedentibus

231 986 463 1042 tragoediis
494 1000 629 1040 neque
660 985 703 1026 in
732 984 1013 1041 Nyctegresia
1042 986 1183 1027 locum
1213 986 1445 1028 inveniunt.

540 1299 618 1341 IV.
679 1297 1324 1341 NYCTEGRESIA.

351 1403 419 1446 Cf.
450 1402 671 1458 Euripidis
701 1403 868 1444 Rhesus
899 1403 962 1445 ed.
995 1403 1143 1445 vater.
1196 1403 1337 1445 Berol.
1375 1403 1485 1446 1837
1515 1405 1635 1459 (Vin-

232 1474 364 1516 diciae
401 1489 443 1529 p.
484 1473 603 1515 XIII
644 1474 733 1527 sq.)
778 1473 974 1514 Di'mtzer
1013 1473 1054 1513 in
1098 1473 1338 1516 Zimmerm.
1388 1474 1636 1515 Zeitschrift

238 1542 349 1585 1839
380 1559 421 1599 p.
453 1542 538 1584 417
571 1557 631 1597 sq.
673 1542 886 1584 WVelcker.
919 1541 975 1584 ib.
1013 1541 1122 1583 1837
1153 1558 1194 1598 p.
1229 1542 1350 1592 ss30.;
1383 1544 1456 1586 Tr.
1491 1543 1567 1586 Gr.
1590 1559 1633 1600 p.

236 1612 344 1655 1101
379 1627 440 1667 sq.
500 1611 775 1667 Nieberding.
807 1611 834 1653 1.
868 1627 902 1653 c.
934 1628 976 1668 p.
1010 1611 1034 1653 9
1066 1639 1122 1643 —
1158 1612 1222 1654 11.
1268 1611 1424 1655 Scho'ss.
1464 1613 1491 1655 l.
1525 1628 1558 1656 0.
1591 1628 1634 1669 p.

231 1681 317 1724 449
349 1709 406 1713 -
437 1681 505 1724 67.

351 1750 547 1807 Scriptor
577 1767 739 1807 argum.
771 1751 922 1807 Eurip.
952 1751 1105 1792 Rhesi:
1133 1748 1189 1791 ‘H
1209 1750 1333 1804 σκηνὴ
1367 1755 1441 1794 τοῦ
1471 1751 1636 1805 δράμα-

233 1837 304 1869 τος
334 1821 375 1862 ἐν
409 1822 555 1878 Τροίᾳ,
591 1818 610 1861 ὅ
645 1822 689 1861 δὲ
706 1820 836 1873 χορὸς
870 1820 1110 1874 συνέστηκεν
1141 1819 1181 1861 ἐκ
1208 1818 1400 1874 φυλάκων
1425 1824 1638 1874 Τρωικῶν,

235 1891 359 1931 οἳκαὶ
390 1892 749 1944 προλογίζουσι--
771 1889 1005 1944 περιέχει
1039 1890 1091 1930 de*
1125 1890 1518 1942 νυκτεγερσίαν.
1551 1889 1639 1931 Ad-

235 1960 344 2002 didit
382 1960 464 2001 hoc
503 1960 808 2015 grammaticus
819 1991 830 2012 Ι
874 1959 972 2013 quia
1010 1958 1116 2000 liber
1156 1959 1344 2000 decimus
1374 1959 1542 2009 Iliadis,
1585 1974 1637 2000 ex

235 2045 319 2085 quo
342 2032 641 2085 argumentum
657 2029 787 2070 Rhesi
808 2029 1080 2084 desumptum
1098 2031 1174 2078 est,
1198 2028 1514 2083 inscriptionem
1535 2042 1640 2084 prae

235 2114 279 2141 se
318 2100 403 2141 fert
453 2100 834 2152 νυκτεγερσίαν
873 2099 937 2138 καὶ
979 2096 1350 2152 Λυλωνοφονιάνῆ
1383 2097 1636 2140 Δολώνειαν.

234 2169 304 2211 Ex
327 2170 474 2210 eadem
504 2168 734 2224 rhapsodia
763 2167 906 2208 hausit
926 2166 1075 2208 Attius
1108 2167 1181 2208 sed
1213 2169 1335 2208 extra
1357 2166 1535 2209 dubium
1564 2182 1638 2223 po-

236 2240 366 2281 situm
398 2242 474 2286 est,
505 2238 725 2294 Euripidis
753 2237 944 2279 Rhesum
976 2251 1073 2278 eum
1094 2251 1178 2278 non
1210 2236 1480 2292 expressisse.
1525 2234 1637 2278 Nam

357 2411 397 2455 ⁵²]
426 2412 495 2447 (Ἰν,
521 2412 616 2448 Tus-c,
644 2415 673 2448 1.
708 2415 764 2447 44.
795 2415 870 2446 105.
923 2412 1047 2443 Melius
1075 2413 1199 2443 Accius
1225 2419 1254 2442 el
1283 2410 1475 2456 aliquando
1502 2412 1640 2453 sapiens

239 2469 402 2501 Achilles:
431 2488 521 2493 ——-
549 2473 629 2502 [Yon
653 2471 763 2513 igitur
792 2471 946 2501 Hectora
976 2470 1120 2501 [numi
1143 2468 1204 2500 scd
1228 2480 1371 2512 corpus,
1400 2466 1639 2513 qtmclficel’ut

239 2528 414 2559 Hectoris.
448 2544 479 2550 --
511 2528 635 2559 Melius
668 2539 766 2571 quam
794 2527 940 2564 Eunius3
977 2529 1071 2558 cuius
1109 2526 1224 2568 paullo
1260 2532 1338 2558 ante
1377 2526 1420 2557 de
1457 2525 1573 2557 eadem
1602 2535 1640 2556 re

239 2596 357 2617 versus
384 2585 498 2617 attulit
526 2585 646 2617 Cicero
684 2585 782 2626 (vide
819 2596 949 2619 excors.
982 2585 1064 2625 111.);
1101 2595 1206 2627 quare
1233 2584 1378 2616 dubitari
1416 2585 1533 2626 nequit
1558 2583 1638 2625 quin

240 2649 331 2675 recte
357 2643 491 2685 legatur
518 2645 652 2678 Accius,
