1856 3027
159 404 228 447 71.

165 1673 235 1716 72.

166 1953 235 1995 73.

249 92 305 135 38

249 196 452 239 Postulat
492 197 673 251 denique
703 197 756 238 ab
788 197 976 245 Atridis,
1021 201 1069 238 ut
1101 212 1150 238 eo
1183 198 1297 251 quod
1335 198 1413 238 sibi
1446 198 1581 239 amico
1615 201 1656 239 ct

250 270 433 323 cognato
463 266 641 308 Achillis
673 282 790 307 arma
821 267 1076 310 adiudiccnt,
1110 267 1311 308 dirimant
1344 267 1511 322 culpam
1543 267 1656 307 illam

251 339 423 393 ereptae
452 336 681 378 Briseidis:

368 407 470 449 VH.
503 405 628 460 (Sed)
658 405 866 447 noxitudo
899 405 1172 447 oblitteretur
1202 405 1282 447 hoc
1313 406 1380 447 die

461 475 767 531 Pelopidarum
800 478 933 529 atque
963 475 1042 530 per
1077 490 1154 517 nos
1184 477 1422 517 sancteseat
1452 491 1598 531 genus.

250 545 419 594 Habes,
466 560 575 600 quae
617 545 763 586 Aiacis
805 559 895 586 esse
936 560 1165 588 censemus.
1229 545 1328 587 Non
1369 545 1658 587 omittendum

251 616 442 662 videtur,
487 615 602 669 quod
634 618 783 656 auctor
813 614 1021 656 librorum
1063 616 1117 656 ad
1158 615 1421 656 Herennium
1460 615 1574 668 (vide
1603 615 1659 657 fr.

251 686 329 728 IV.
361 685 416 727 V.
448 686 489 727 V
491 685 568 739 L),
601 685 672 739 qui
703 684 814 725 illius
857 686 1093 726 orationem
1126 699 1303 726 censura
1342 685 1524 740 quadam
1568 700 1662 726 exa-

252 756 451 804 minavit,
485 757 719 803 monstrat,
761 754 937 796 Aiacem
969 756 1011 795 in
1041 755 1155 810 leges
1187 755 1290 796 artis
1323 755 1538 796 oratoriae
1569 769 1662 810 pec-

253 840 392 867 casse:
435 840 532 866 nam
565 824 835 866 manifestum
867 827 952 874 est,
985 827 1180 865 nostrum
1212 825 1406 866 consulto
1441 824 1571 866 verba
1600 825 1663 865 ita

252 895 595 937 accommodasse
626 895 685 943 ei,
719 895 791 949 qui
821 896 911 950 ipse
943 895 995 935 de
1027 909 1071 935 se
1101 894 1312 936 fateatur:
1361 898 1438 936 Sed
1471 913 1538 935 nec
1570 897 1665 933 mihi

253 968 380 1006 (licere
408 978 603 1021 promtum
637 963 739 1016 (ΟΥ.
772 965 798 1006 l.
833 980 867 1006 C.
905 963 990 1018 10.)

370 1034 515 1075 Finita
546 1035 680 1090 igitur
713 1034 893 1089 simplici
924 1033 994 1074 illa
1026 1035 1240 1079 oratione,
1274 1033 1482 1075 facundus
1512 1032 1665 1074 Ulixes

254 1102 356 1159 (Ov.
390 1104 415 1146 l.
449 1119 483 1146 c.
521 1104 622 1159 125)

468 1177 633 1215 Adstitst
666 1184 781 1228 atque
813 1178 941 1214 oculos
968 1177 1143 1230 paullum
1179 1177 1315 1213 tellure
1347 1186 1514 1213 (nm-alos

466 1246 631 1284 Sustulit
665 1246 719 1282 cul
742 1261 951 1298 proceres,

257 1315 375 1356 cuius
407 1312 522 1369 apud
551 1311 766 1353 Nasonem
808 1311 937 1353 verba
969 1327 1178 1353 summam
1210 1313 1487 1368 elegantiam,
1532 1311 1667 1367 splen-

257 1384 405 1426 dorem
436 1384 479 1424 et
517 1384 652 1423 artem
692 1396 795 1437 prae
836 1396 880 1422 se
920 1381 1076 1424 ferunt.
1141 1380 1349 1433 Quamvis
1392 1395 1425 1421 et
1465 1399 1590 1435 genus
1633 1394 1667 1420 et

253 1471 427 1510 proavos
464 1453 539 1493 vix
579 1451 723 1493 afferri
763 1451 888 1492 licere
931 1453 1166 1501 existimet,
1210 1454 1353 1492 tamen
1385 1451 1665 1506 contemptim

258 1528 349 1578 quia
381 1526 508 1562 retulit
540 1524 646 1562 Afas
680 1526 779 1561 Esse
815 1525 913 1561 lom
945 1539 1144 1578 proneposv
1175 1520 1278 1575 (ΟΥ.
1310 1521 1336 1563 l.
1361 1535 1397 1563 C.
1432 1520 1543 1574 141),
1576 1520 1669 1575 ipse

259 1592 387 1633 etiam
419 1606 544 1632 suum
576 1605 746 1645 quoque
777 1604 912 1645 genus
941 1606 966 1631 a
996 1591 1099 1631 Iove
1131 1591 1229 1632 duci
1261 1591 1461 1647 exponit:

375 1673 501 1715 VIII.
544 1671 686 1713 Huius
719 1686 785 1712 mc
827 1671 983 1712 dividia
1024 1671 1137 1727 cogit
1179 1671 1274 1727 plus
1314 1687 1441 1726 quam
1483 1673 1548 1712 est
1588 1671 1670 1727 par

681 1741 810 1796 loqui.

258 1812 357 1854 Hoc
386 1813 614 1868 praecipue
653 1812 799 1853 studet
830 1811 1077 1860 ostendere,
1121 1826 1198 1851 sua
1239 1812 1509 1866 potissimum
1541 1825 1670 1866 opera

259 1884 388 1924 toties
418 1883 663 1924 universum
686 1882 918 1922 exercitum
942 1883 1158 1922 servatum
1190 1896 1305 1930 esse3
1339 1896 1382 1922 se
1414 1895 1507 1922 esse
1536 1880 1670 1928 illum,

375 1952 459 1994 IX.
502 1953 553 1993 In
585 1951 668 2006 quo
701 1951 848 1992 salutis
881 1949 978 2005 spe's
1020 1965 1240 2006 supremas
1282 1950 1361 1992 sibi
1400 1949 1530 1991 habet
1561 1965 1672 1990 sum-

690 2035 759 2061 ma
790 2020 979 2061 exerciti.

379 2196 449 2230 VII.
488 2197 573 2229 Non.
603 2207 632 2238 p.
663 2196 739 2231 143,
767 2198 821 2231 21,
865 2195 1048 2228 A‘oxizudo
1073 2208 1140 2240 pro
1169 2197 1288 2230 noxia.
1329 2197 1455 2227 Accius
1484 2200 1671 2227 Armorum

261 2255 414 2288 iudicio:
442 2254 538 2286 ocule
565 2253 738 2286 noxitmlo
766 2254 994 2286 Oblitler‘elur·
1018 2253 1265 2297 Pelopidarum
1294 2264 1337 2285 ac
1359 2265 1423 2297 per·
1447 2265 1512 2285 nos
1536 2260 1671 2285 santes-

263 2334 319 2358 cat
359 2335 480 2367 genus.
527 2323 752 2362 (sanctescat.
785 2322 878 2364 edd.)
931 2321 1114 2356 Noxicudo
1149 2328 1183 2355 et
1214 2330 1410 2355 sanctescaae
1453 2330 1533 2354 sunt
1560 2308 1672 2356 ἅπαξ

263 2380 472 2436 λεγόμενα.

381 2462 456 2494 Vll!
502 2462 586 2497 Non.
617 2474 645 2504 p.
675 2461 728 2495 96.
758 2465 812 2496 22,
870 2461 1013 2494 Ῑὶίυιιίίιι
1041 2470 1087 2493 cst
1114 2461 1277 2496 taedium,
1330 2462 1457 2493 Accius
1483 2465 1671 2492 Armorum

265 2522 412 2553 iudicia:
446 2539 529 2544 —-
559 2520 631 2555 (Ἰζῑ
669 2520 752 2552 Nam
791 2520 881 2563 quod
910 2519 969 2551 tibi
998 2525 1047 2552 est
1074 2530 1204 2561 aegre,
1242 2519 1329 2551 idem
1359 2518 1439 2550 mihi
1467 2523 1518 2550 est
1554 2517 1671 2549 divi-

266 2581 373 2615 diae,
424 2579 530 2613 Plaul,
561 2578 636 2613 sas,
664 2581 696 2613 2,
725 2581 755 2612 ’2,
788 2581 836 2612 11.

381 2649 439 2683 IX.
474 2648 559 2682 Non.
596 2659 625 2689 p.
663 2649 743 2681 485.
780 2649 832 2681 13,
877 2648 1040 2678 Eser-ciet
1071 2647 1124 2678 vel
1159 2647 1344 2678 exer-cuuis
1381 2657 1448 2689 pto
1485 2645 1669 2678 exercitus.
