1856 3027
241 107 296 148 60

151 213 234 254 128
360 212 393 254 1.
438 211 561 253 Nunc
593 213 635 253 1'n
667 213 840 253 consilio
871 213 912 252 id
945 213 1066 268 reges
1097 213 1306 268 Argivum
1339 212 1551 268 aucupant

449 281 502 322 Id
533 281 755 336 quaerunt,

240 365 341 391 num
387 353 695 406 Astyanactem
754 352 898 392 vivum
948 351 1209 405 relinquant,
1274 366 1404 405 quum
1457 349 1639 391 Calchas

240 420 402 461 Priami
433 420 595 476 prolem
618 421 741 475 plane
771 421 957 461 interimi
978 421 1160 463 iusserit.
1215 419 1297 461 Cui
1319 419 1638 461 Andromacha:

151 512 232 555 129
357 512 415 554 ΙΙ.
458 511 573 553 Nihil
605 512 733 553 credo
765 512 1010 567 auguribus,
1044 513 1116 566 qui
1147 512 1259 553 auris
1289 512 1427 553 verbis
1459 513 1640 553 divitant

449 582 642 630 Alienas9
676 596 772 621 suas
805 585 853 622 ut
886 582 990 622 auro
1022 582 1281 638 locupletent
1313 582 1475 624 domos.

241 649 562 705 Conquerentes
614 651 764 691 deinde
822 651 1016 692 mulieres
1073 652 1263 707 captivae
1313 652 1640 692 reminiscuntur

239 720 361 761 molis
380 721 601 768 malorum,
626 720 778 774 quibus
797 720 1051 770 obruantur3
1084 725 1358 762 exsecrantur
1376 720 1640 762 Graecorum

239 790 491 830 exercitum:

150 882 232 924 130
355 882 437 924 Ill.
483 882 570 933 Qui
600 882 747 923 nostra
777 898 852 938 per
883 884 968 923 vim
1000 883 1141 939 patria
1171 882 1392 938 populavit
1422 882 1546 924 bona.

237 951 453 1007 Imprimis
485 952 837 993 commiserantur
868 952 1086 994 fortunam
1115 953 1286 1007 reginae
1316 951 1539 993 Hecubae:

150 1045 228 1086 131
354 1044 433 1086 IV.
475 1043 697 1085 Nocturna
728 1060 831 1085 saxo
862 1045 1007 1100 fruges
1037 1044 1207 1085 frendas
1238 1044 1434 1086 torridas,

241 1112 310 1155 Cf.
354 1113 506 1168 Eurip.
550 1113 707 1154 Troad.
760 1114 839 1155 491
885 1129 937 1169 sq
976 1114 1079 1168 (197
1126 1115 1219 1168 sq).
1280 1114 1522 1155 Verisimile
1562 1118 1639 1163 est,

241 1181 508 1224 Cassandrae
546 1183 672 1224 etiam
713 1186 856 1238 partes
894 1183 1024 1224 fuisse
1062 1184 1104 1224 in
1144 1183 1223 1224 hac
1260 1184 1482 1239 tragoedia
1515 1185 1641 1239 (quae

239 1252 384 1293 eadem
416 1253 530 1308 apud
558 1252 810 1307 Euripidem
832 1268 870 1294 v.
895 1252 980 1296 308
1009 1253 1155 1308 prodit
1187 1256 1228 1293 et
1257 1252 1402 1294 furore
1430 1253 1642 1309 Apollinis

238 1324 438 1377 correpta
481 1322 592 1362 mala
631 1321 808 1364 Graecis
855 1322 1003 1363 futura
1042 1323 1300 1363 vaticinatur
1337 1337 1376 1364 v.
1420 1323 1503 1365 359
1546 1323 1638 1377 sq.)‚

238 1394 288 1432 ut
319 1391 408 1432 eius
441 1392 525 1432 sint
566 1391 695 1432 verba
735 1392 957 1447 naufragia
990 1391 1254 1434 Graecorum
1284 1391 1355 1447 (cf.
1387 1391 1518 1433 Hom.
1553 1389 1639 1432 Od.

239 1460 280 1503 3.
313 1459 398 1501 286
430 1475 511 1515 sq.,
545 1461 585 1502 4.
620 1460 705 1502 498
737 1476 797 1515 sq.
831 1463 870 1503 5.
904 1461 984 1502 291
1021 1476 1095 1515 sq„
1139 1460 1176 1503 9.
1211 1460 1262 1502 67
1303 1476 1363 1516 sq.
1408 1464 1450 1502 et
1481 1460 1547 1502 all.
1580 1460 1642 1514 ll.)

237 1530 614 1586 praesignificantis
625 1546 634 1570 ε

364 1727 389 1764 l,
425 1728 514 1760 Non.
541 1741 574 1772 q.
601 1731 680 1764 467,
717 1730 770 1763 17,
823 1730 1011 1772 Aucupavi
1044 1729 1198 1760 activum
1229 1729 1381 1771 positum
1406 1740 1474 1772 pro
1497 1729 1642 1771 passivo

239 1806 258 1812 —
285 1806 304 1812 -
342 1789 464 1818 Accius
504 1791 738 1819 Aniciana-le:
773 1803 864 1809 —--—-
900 1787 1105 1829 (auriguum
1142 1796 1164 1828 g
1198 1796 1309 1828 comp.
1344 1786 1414 1826 W.)
1452 1786 1641 1819 Consilium

239 1845 492 1885 significatione
532 1849 693 1876 concreta
732 1854 793 1886 pro
828 1843 1010 1875 concilium
1048 1848 1098 1874 est
1134 1854 1187 1885 ap.
1213 1843 1283 1878 Liv.
1310 1846 1366 1878 25.
1393 1845 1450 1878 31.
1479 1843 1641 1883 (consilio

238 1902 425 1942 advocato)
451 1901 509 1936 all.
537 1901 571 1934 ll.

356 1970 396 2003 ll.
433 1970 520 2005 Non.
555 1981 588 2012 p.
625 1970 680 2003 95.
712 1971 743 2005 7,
807 1971 969 2001 Divitauc
1009 1981 1077 2013 pro
1125 1969 1250 2001 diuites
1288 1969 1449 2013 fuciunt.
1518 1971 1642 2002 Accius

240 2034 477 2068 Astyanacte:
506 2046 597 2051 -—
622 2027 709 2061 Geli.
752 2027 802 2062 14.
839 2030 868 2061 1.
905 2028 967 2061 36:
1007 2029 1185 2059 Attianum
1219 2028 1322 2059 illud:
1362 2027 1478 2067 Nil1z'l;
1515 2029 1642 2072 inquit,

238 2086 344 2119 eraclo
371 2099 404 2122 a,
430 2098 463 2132 q,
490 2097 592 2117 aut-es
618 2097 651 2119 v.
674 2084 707 2121 d,
749 2091 787 2119 A,
813 2097 838 2120 s,
867 2097 898 2120 u,
924 2097 956 2120 ιι,
984 2085 1005 2119 Ι.
1032 2083 1167 2120 dumos,
1192 2084 1332 2124 (domus
1358 2084 1468 2117 Guelf.
1503 2090 1537 2117 et
1563 2085 1640 2120 edd.

238 2150 318 2177 unte
364 2143 452 2180 lunt.
494 2143 626 2185 steph.)
670 2142 772 2184 Soph,
808 2143 927 2185 Anssg.
971 2142 1077 2176 1055:
1117 2140 1178 2180 Τὸ
1217 2141 1417 2193 μαντικὸν
1451 2140 1529 2195 γάρ
1560 2146 1642 2181 πᾶν

237 2199 490 2256 φιλάργυρον
518 2199 645 2253 γένος.
697 2212 745 2248 Cf.
771 2212 872 2244 Ennii
899 2211 1025 2245 Telam.
1052 2210 1091 2246 fr,
1119 2212 1173 2246 ιι.

354 2280 410 2316 111.
444 2280 530 2317 Non.
557 2292 588 2323 p.
615 2283 694 2316 461.
723 2284 779 2317 21.
832 2281 982 2321 Populaz
1009 2288 1059 2312 est
1086 2289 1117 2312 ec
1152 2282 1329 2324 passivum
1353 2281 1548 2324 populatur
1573 2298 1592 2305 ·-
1620 2298 1642 2305 -

239 2341 366 2372 Accius
390 2344 624 2382 Astyanacta:
652 2357 740 2362 ——
770 2337 949 2380 (nostr-am
976 2339 1029 2370 w.
1058 2356 1099 2361 --
1125 2338 1394 2383 populabundus
1422 2337 1529 2377 Am.)

355 2408 406 2440 lv,
444 2407 540 2443 Serv,
568 2408 608 2440 ad
639 2408 729 2450 Virg,
756 2408 819 2443 Ae,
849 2410 876 2441 1.
910 2409 983 2442 179.
1035 2408 1161 2439 Accius
1199 2406 1415 2439 Troadibus:
1451 2408 1640 2440 Nocturna

225 2465 360 2510 fiuges
395 2465 555 2509 franges
603 2464 763 2497 torridas
809 2466 1044 2503 (nostumzam
1092 2464 1191 2504 cod.)
1244 2463 1331 2499 Non,
1379 2474 1409 2506 p.
1462 2466 1541 2500 447,
1583 2465 1640 2498 20.

239 2525 399 2554 Fremere
437 2531 466 2554 ee
495 2521 671 2565 ⁴si'endere
710 2522 777 2554 hoc
811 2522 1045 2565 disparantur
1078 2521 1177 2567 quod
1211 2529 1260 2553 est
1284 2521 1442 2565 fremere
1474 2532 1639 2564 maguum

236 2592 402 2612 sonare-
432 2600 451 2607 -
472 2579 646 2612 Frendere
670 2580 801 2612 alicubi
824 2591 898 2612 cum
924 2581 1054 2622 gemitu
1077 2579 1134 2611 vel
1157 2577 1345 2610 iracundia
1371 2579 1549 2610 miscet-am
1576 2585 1639 2610 aue

237 2639 356 2670 minax
381 2649 509 2669 sonare
536 2657 554 2663 -
583 2657 601 2663 -
633 2638 756 2668 Accius
784 2635 1004 2669 Troadibus:
1031 2648 1118 2668 saxo
1133 2635 1266 2679 fruges
1281 2634 1451 2680 fiendas.
