1856 3027
243 123 301 165 20

242 226 392 284 procul
418 225 548 268 dubio
579 225 829 281 fragmentis
850 224 1026 267 Achillis
1049 223 1301 274 Aristarchi,
1334 239 1458 279 quem
1480 225 1646 267 Ennius

243 297 474 353 expressit,
507 296 711 345 addendi,
755 295 810 336 de
839 295 958 336 cuius
989 297 1242 350 argumento
1275 293 1417 337 Schol.
1452 294 1644 338 Gronov.

243 366 299 407 ad
339 364 429 408 Cic.
468 381 548 421 pro
585 366 712 407 Rosc.
745 364 889 407 Amer.
932 364 1000 406 39.
1042 364 1098 405 90
1142 366 1201 419 (p.
1234 365 1320 406 434
1353 363 1505 419 Orell.)
1543 366 1648 408 haec

244 435 450 476 servavit:
516 438 557 474 ln
602 439 729 474 Ennio
773 436 865 473 hacc
906 436 1051 490 sabula
1093 436 1293 473 inducitur
1335 437 1525 484 Achillis,
1573 453 1647 490 quo

243 518 416 561 tempore
456 512 622 560 propter
669 504 880 542 Briseidem
931 520 1114 558 pugnare
1160 505 1309 548 noluit,
1359 520 1431 558 quo
1477 515 1648 559 tempore

245 579 358 614 ellam
392 577 537 612 Hector
569 574 730 610 classem
761 588 889 609 eurum
925 573 1105 612 lucenda.
1158 575 1200 610 In
1235 573 1304 610 lzac
1333 588 1472 628 pugna
1513 575 1648 613 Ulixes

247 644 474 684 vulneratur·
515 642 708 679 inducitus
751 651 784 678 et
815 641 984 694 fugiens
1023 642 1077 679 ad
1106 642 1295 680 Achillem
1341 645 1452 680 vcm'l.
1518 643 1647 694 Quum

244 717 556 764 interrogaretur·
587 711 633 748 ab
668 714 803 759 Aiace,
837 726 904 747 cur
958 713 1123 762 ugt'sset,
1153 712 1217 748 elle
1248 721 1286 747 ul
1311 712 1450 748 celaret
1485 710 1648 747 dedecus

244 795 383 819 suum:
427 781 526 828 Quis
559 783 656 817 euim
689 776 821 832 (lege2
868 780 967 831 (Juc's
1000 779 1055 817 ibi
1085 795 1158 816 nott
1196 776 1288 819 coll.
1324 776 1413 819 Cio.
1445 792 1487 832 p.
1520 776 1647 818 ROSC.

244 847 343 889 Am.
376 846 403 889 l.
436 846 492 900 O.)
535 849 757 886 vulneratus
784 850 902 902 ferro
942 849 1126 899 Frugio?
1188 845 1273 887 Sed
1305 846 1356 888 de
1386 846 1452 887 his
1483 861 1650 888 accura-

245 917 332 958 tius
363 915 567 957 disserere
598 930 709 956 nunc
739 914 862 956 nobis
893 929 978 956 non
1009 914 1121 956 licet.

452 1229 510 1270 H.
571 1226 1445 1271 EPINAUSIMACHE.

338 1333 407 1376 Cf.
437 1332 736 1388 Nieberding,
767 1332 1001 1381 Diintzer.‚
1033 1332 1209 1382 Herm,
1243 1331 1400 1375 Scholl.
1431 1332 1473 1375 11.
1507 1347 1566 1375 cc.

366 1403 493 1445 Solus
530 1403 679 1444 Attius
718 1402 907 1443 fabulam
947 1402 1080 1443 edidit
1120 1403 1181 1442 ita
1210 1403 1494 1452 nominatam3
1537 1401 1654 1458 apud

251 1473 515 1516 Graecorum
537 1473 722 1528 tragicos
744 1474 897 1528 poetas
918 1471 1025 1512 hanc
1047 1472 1292 1527 tragoediae
1323 1472 1652 1527 appellationem

248 1558 460 1598 nusquam
495 1542 744 1584 invenimus.
809 1540 895 1582 Sed
940 1541 1127 1582 decimae
1172 1542 1325 1582 tertiae
1374 1541 1519 1582 Iliadis
1559 1540 1654 1582 rha-

249 1613 424 1669 psodiae
454 1612 720 1667 grammatici
760 1612 1086 1667 inscripserunt:
1127 1609 1241 1664 μάχη
1274 1611 1335 1651 ἐπὶ
1366 1616 1457 1658 ταῖς
1496 1611 1652 1652 ναυσίν.

250 1682 321 1724 Ex
350 1681 429 1724 hac
458 1696 560 1723 vero
590 1681 763 1722 Attium
794 1696 879 1722 non
918 1681 1108 1721 hausisse
1139 1681 1439 1735 argumentum
1468 1679 1656 1735 Epinau-

252 1751 464 1793 simaehae
513 1750 764 1806 fragmentis
812 1752 1002 1806 apparet.
1063 1748 1176 1790 Nam
1222 1749 1275 1791 fr.
1319 1749 1412 1791 XV
1454 1749 1655 1798 ostendit,

257 1821 419 1864 cladem
449 1820 563 1861 illam
595 1820 879 1861 Troianorum
924 1818 1039 1875 apud
1069 1817 1377 1860 Scamandrum
1412 1818 1657 1873 tragoediae

252 1891 326 1932 fini
366 1891 652 1931 antecessisse.
713 1889 836 1930 Haec
879 1889 1006 1944 longe
1047 1890 1149 1944 post
1187 1903 1376 1943 pugnam
1416 1888 1471 1928 ad
1515 1902 1656 1937 naves,

254 1975 362 2016 quae
390 1959 520 2015 vulgo
551 1959 734 2000 maxime
772 1958 854 2000 hoc
890 1973 1044 1999 nomen
1080 1972 1183 2013 prae
1212 1972 1255 1998 sc
1295 1957 1444 1998 tulisse
1474 1957 1656 2005 videtur,

253 2030 368 2073 facta
398 2032 475 2079 est,
507 2031 556 2070 ut
587 2029 734 2070 eadem
761 2027 905 2069 fabula
931 2028 1017 2069 duo
1048 2027 1151 2068 haec
1181 2027 1412 2069 certamina
1443 2027 1659 2068 continere

253 2115 339 2142 non
368 2099 570 2155 potuerit.
634 2096 889 2148 Quaerenda
919 2099 983 2138 est
1023 2097 1155 2152 igitur
1194 2097 1275 2138 alia
1304 2096 1656 2152 epinausimache.

255 2169 381 2212 Hanc
421 2183 510 2209 esse
555 2182 744 2224 pugnam
792 2167 907 2209 illam
958 2167 1068 2207 inter
1107 2165 1296 2208 Graecos
1350 2168 1393 2207 et
1433 2166 1657 2215 Troianos,

256 2254 341 2294 qua
380 2237 557 2279 Achillis
599 2252 726 2278 manu
764 2236 931 2278 Hector
978 2235 1135 2277 cedidit
1181 2238 1223 2277 et
1273 2236 1391 2277 cuius
1435 2235 1506 2276 illa
1544 2234 1658 2288 μα’χη

256 2306 575 2363 παραποτάμιος
614 2321 714 2362 pars
757 2308 840 2355 est,
888 2321 939 2346 ex
981 2306 1075 2360 ipso
1114 2305 1308 2347 Homero
1350 2305 1659 2360 cognoscimus,

256 2377 457 2432 Pugnare
489 2376 599 2416 enim
631 2376 733 2417 dicit
763 2375 994 2423 Troiano&
1035 2390 1165 2429 quum
1196 2377 1297 2430 post
1326 2374 1502 2415 Achillis
1533 2388 1662 2415 seces-

259 2448 419 2488 sionem
450 2445 555 2486 urbe
587 2445 766 2487 exierint
794 2444 861 2498 (Il.
898 2443 963 2486 18.
998 2443 1101 2498 256)
1132 2446 1173 2485 ἓν
1204 2445 1327 2500 πεδίῳ
1360 2442 1500 2497 παρὰ
1534 2459 1662 2495 νηυ-

259 2517 353 2558 σίν,
414 2515 653 2570 Postquam
695 2516 850 2556 iterum
881 2514 924 2554 in
957 2512 1134 2555 Graecis
1173 2514 1425 2569 conspectus
1455 2514 1538 2561 est,
1579 2511 1660 2553 Po-

259 2585 451 2641 lydamas
482 2584 678 2626 Troianis
709 2583 860 2625 suadet
890 2586 940 2624 ut
969 2583 1014 2624 in
1042 2583 1192 2624 urbem
1223 2597 1313 2624 sese
1337 2583 1555 2638 recipiant,
1588 2580 1662 2622 sed

259 2654 425 2696 Hector
453 2653 725 2696 vehementer
755 2654 792 2695 ei
821 2655 1034 2709 repugnat
1062 2652 1130 2706 (11.
1167 2651 1232 2695 18.
1266 2651 1392 2706 303):
