<?xml version="1.0" encoding="UTF-8"?>
<!DOCTYPE html PUBLIC "-//W3C//DTD XHTML 1.0 Transitional//EN"
    "http://www.w3.org/TR/xhtml1/DTD/xhtml1-transitional.dtd">
<html xmlns="http://www.w3.org/1999/xhtml" xml:lang="en" lang="en">
 <head>
  <title>
</title>
<meta http-equiv="Content-Type" content="text/html;charset=utf-8" />
  <meta name='ocr-system' content='tesseract 3.04.00' />
  <meta name='ocr-capabilities' content='ocr_page ocr_carea ocr_par ocr_line ocrx_word'/>
</head>
<body>
  <div class='ocr_page' id='page_1' title='image "./lattiifragmentap00cramuoft_0030.png"; bbox 0 0 1856 3027; ppageno 0'>
   <div class='ocr_carea' id='block_1_1' title="bbox 153 210 223 255">
    <p class='ocr_par' dir='ltr' id='par_1_1' title="bbox 153 210 223 255">
     <span class='ocr_line' id='line_1_1' title="bbox 153 210 223 255; baseline 0.029 -2"><span class='ocrx_word' id='word_1_1' title='bbox 153 210 223 255; x_wconf 89' lang='grc'><strong>30.</strong></span> 
     </span>
    </p>
   </div>
   <div class='ocr_carea' id='block_1_2' title="bbox 162 1403 229 1446">
    <p class='ocr_par' dir='ltr' id='par_1_2' title="bbox 162 1403 229 1446">
     <span class='ocr_line' id='line_1_2' title="bbox 162 1403 229 1446; baseline 0.015 -1"><span class='ocrx_word' id='word_1_2' title='bbox 162 1403 229 1446; x_wconf 89' lang='grc'><strong>31.</strong></span> 
     </span>
    </p>
   </div>
   <div class='ocr_carea' id='block_1_3' title="bbox 251 107 1648 269">
    <p class='ocr_par' dir='ltr' id='par_1_3' title="bbox 251 107 1648 269">
     <span class='ocr_line' id='line_1_3' title="bbox 251 107 305 152; baseline -0.037 0"><span class='ocrx_word' id='word_1_3' title='bbox 251 107 305 152; x_wconf 86' lang='grc'><strong>18</strong></span> 
     </span>
     <span class='ocr_line' id='line_1_4' title="bbox 360 212 1648 269; baseline 0.001 -14"><span class='ocrx_word' id='word_1_4' title='bbox 360 212 492 255; x_wconf 87' lang='lat' dir='ltr'>XIII.</span> <span class='ocrx_word' id='word_1_5' title='bbox 539 212 738 268; x_wconf 77' lang='lat' dir='ltr'><strong>Regnum</strong></span> <span class='ocrx_word' id='word_1_6' title='bbox 769 212 848 255; x_wconf 89' lang='lat' dir='ltr'><strong>tibi</strong></span> <span class='ocrx_word' id='word_1_7' title='bbox 877 214 1069 269; x_wconf 74' lang='lat' dir='ltr'>permitti</span> <span class='ocrx_word' id='word_1_8' title='bbox 1092 214 1279 256; x_wconf 84' lang='lat' dir='ltr'><strong>malunt?</strong></span> <span class='ocrx_word' id='word_1_9' title='bbox 1332 214 1535 264; x_wconf 77' lang='lat' dir='ltr'><strong>Cerna.nt‚</strong></span> <span class='ocrx_word' id='word_1_10' title='bbox 1566 218 1648 257; x_wconf 78' lang='lat' dir='ltr'><strong>tra-</strong></span> 
     </span>
    </p>
   </div>
   <div class='ocr_carea' id='block_1_4' title="bbox 246 283 1656 1378">
    <p class='ocr_par' dir='ltr' id='par_1_4' title="bbox 668 283 1024 326">
     <span class='ocr_line' id='line_1_5' title="bbox 668 283 1024 326; baseline 0.006 -2"><span class='ocrx_word' id='word_1_11' title='bbox 668 283 765 324; x_wconf 83' lang='lat' dir='ltr'><strong>dam</strong></span> <span class='ocrx_word' id='word_1_12' title='bbox 797 283 1024 326; x_wconf 80' lang='lat' dir='ltr'><strong>exereitus.</strong></span> 
     </span>
    </p>

    <p class='ocr_par' dir='ltr' id='par_1_5' title="bbox 246 350 1655 1033">
     <span class='ocr_line' id='line_1_6' title="bbox 246 350 1649 408; baseline 0.001 -13"><span class='ocrx_word' id='word_1_13' title='bbox 246 350 482 406; x_wconf 81' lang='lat' dir='ltr'><strong>Hucusque</strong></span> <span class='ocrx_word' id='word_1_14' title='bbox 525 352 660 394; x_wconf 84' lang='lat' dir='ltr'>nostri</span> <span class='ocrx_word' id='word_1_15' title='bbox 699 352 940 408; x_wconf 83' lang='lat' dir='ltr'><strong>fragmenta</strong></span> <span class='ocrx_word' id='word_1_16' title='bbox 977 367 1055 393; x_wconf 90' lang='lat' dir='ltr'><strong>nos</strong></span> <span class='ocrx_word' id='word_1_17' title='bbox 1094 352 1399 408; x_wconf 81' lang='lat' dir='ltr'><strong>perduxerunt.</strong></span> <span class='ocrx_word' id='word_1_18' title='bbox 1461 354 1530 396; x_wconf 85' lang='lat' dir='ltr'><strong>Ex</strong></span> <span class='ocrx_word' id='word_1_19' title='bbox 1569 354 1649 396; x_wconf 93' lang='lat' dir='ltr'><strong>Ae-</strong></span> 
     </span>
     <span class='ocr_line' id='line_1_7' title="bbox 248 419 1650 478; baseline 0.001 -16"><span class='ocrx_word' id='word_1_20' title='bbox 248 419 428 476; x_wconf 86' lang='lat' dir='ltr'><strong>schyleis</strong></span> <span class='ocrx_word' id='word_1_21' title='bbox 459 424 602 462; x_wconf 83' lang='lat' dir='ltr'><strong>autem</strong></span> <span class='ocrx_word' id='word_1_22' title='bbox 628 421 879 476; x_wconf 80' lang='lat' dir='ltr'>fragmentis</span> <span class='ocrx_word' id='word_1_23' title='bbox 909 420 1096 462; x_wconf 83' lang='lat' dir='ltr'><strong>fabulam</strong></span> <span class='ocrx_word' id='word_1_24' title='bbox 1127 421 1187 462; x_wconf 88' lang='lat' dir='ltr'><strong>ita</strong></span> <span class='ocrx_word' id='word_1_25' title='bbox 1217 423 1473 477; x_wconf 74' lang='lat' dir='ltr'>processisse</span> <span class='ocrx_word' id='word_1_26' title='bbox 1495 423 1650 478; x_wconf 85' lang='lat' dir='ltr'><strong>colligi-</strong></span> 
     </span>
     <span class='ocr_line' id='line_1_8' title="bbox 247 489 1650 533; baseline 0 -1"><span class='ocrx_word' id='word_1_27' title='bbox 247 505 364 532; x_wconf 86' lang='lat' dir='ltr'><strong>mus:</strong></span> <span class='ocrx_word' id='word_1_28' title='bbox 406 489 632 532; x_wconf 76' lang='lat' dir='ltr'><strong>Patroclus</strong></span> <span class='ocrx_word' id='word_1_29' title='bbox 672 490 849 532; x_wconf 82' lang='lat' dir='ltr'><strong>Achillis</strong></span> <span class='ocrx_word' id='word_1_30' title='bbox 889 491 1017 531; x_wconf 87' lang='lat' dir='ltr'><strong>armis</strong></span> <span class='ocrx_word' id='word_1_31' title='bbox 1057 490 1233 531; x_wconf 64' lang='lat' dir='ltr'><strong>indutus·</strong></span> <span class='ocrx_word' id='word_1_32' title='bbox 1273 491 1475 532; x_wconf 87' lang='lat' dir='ltr'><strong>adversus</strong></span> <span class='ocrx_word' id='word_1_33' title='bbox 1505 492 1650 533; x_wconf 43' lang='lat' dir='ltr'><strong>Troia?</strong></span> 
     </span>
     <span class='ocr_line' id='line_1_9' title="bbox 247 560 1653 616; baseline 0.001 -15"><span class='ocrx_word' id='word_1_34' title='bbox 247 574 325 601; x_wconf 87' lang='lat' dir='ltr'><strong>nos</strong></span> <span class='ocrx_word' id='word_1_35' title='bbox 365 560 552 600; x_wconf 75' lang='lat' dir='ltr'><strong>mittitur</strong></span> <span class='ocrx_word' id='word_1_36' title='bbox 591 563 634 601; x_wconf 92' lang='lat' dir='ltr'><strong>et</strong></span> <span class='ocrx_word' id='word_1_37' title='bbox 672 575 803 614; x_wconf 86' lang='lat' dir='ltr'><strong>quum</strong></span> <span class='ocrx_word' id='word_1_38' title='bbox 843 561 1007 616; x_wconf 88' lang='lat' dir='ltr'><strong>impetu</strong></span> <span class='ocrx_word' id='word_1_39' title='bbox 1048 560 1289 601; x_wconf 83' lang='lat' dir='ltr'>certaminis</span> <span class='ocrx_word' id='word_1_40' title='bbox 1331 560 1487 602; x_wconf 84' lang='lat' dir='ltr'><strong>oblitus</strong></span> <span class='ocrx_word' id='word_1_41' title='bbox 1530 561 1653 602; x_wconf 87' lang='lat' dir='ltr'><strong>amici</strong></span> 
     </span>
     <span class='ocr_line' id='line_1_10' title="bbox 249 629 1653 685; baseline -0.001 -14"><span class='ocrx_word' id='word_1_42' title='bbox 249 629 560 671; x_wconf 81' lang='lat' dir='ltr'><strong>adhortationis</strong></span> <span class='ocrx_word' id='word_1_43' title='bbox 590 629 766 685; x_wconf 83' lang='lat' dir='ltr'><strong>propius</strong></span> <span class='ocrx_word' id='word_1_44' title='bbox 799 630 851 670; x_wconf 82' lang='lat' dir='ltr'><strong>ad</strong></span> <span class='ocrx_word' id='word_1_45' title='bbox 873 630 1027 671; x_wconf 83' lang='lat' dir='ltr'>Troiae</span> <span class='ocrx_word' id='word_1_46' title='bbox 1060 645 1203 671; x_wconf 89' lang='lat' dir='ltr'><strong>muros</strong></span> <span class='ocrx_word' id='word_1_47' title='bbox 1233 630 1470 678; x_wconf 79' lang='lat' dir='ltr'><strong>accesserit,</strong></span> <span class='ocrx_word' id='word_1_48' title='bbox 1504 629 1653 671; x_wconf 87' lang='lat' dir='ltr'><strong>occidi-</strong></span> 
     </span>
     <span class='ocr_line' id='line_1_11' title="bbox 249 697 1655 753; baseline -0.001 -13"><span class='ocrx_word' id='word_1_49' title='bbox 249 701 335 741; x_wconf 84' lang='lat' dir='ltr'><strong>tur.</strong></span> <span class='ocrx_word' id='word_1_50' title='bbox 388 698 495 740; x_wconf 81' lang='lat' dir='ltr'><strong>Eius</strong></span> <span class='ocrx_word' id='word_1_51' title='bbox 538 702 720 740; x_wconf 83' lang='lat' dir='ltr'><strong>mortem</strong></span> <span class='ocrx_word' id='word_1_52' title='bbox 762 700 1004 740; x_wconf 81' lang='lat' dir='ltr'><strong>nuntiatum</strong></span> <span class='ocrx_word' id='word_1_53' title='bbox 1045 700 1160 740; x_wconf 72' lang='lat' dir='ltr'><strong>venit</strong></span> <span class='ocrx_word' id='word_1_54' title='bbox 1198 698 1451 740; x_wconf 69' lang='lat' dir='ltr'><strong>Antilochus</strong></span> <span class='ocrx_word' id='word_1_55' title='bbox 1489 698 1556 753; x_wconf 90' lang='lat' dir='ltr'><strong>(Il.</strong></span> <span class='ocrx_word' id='word_1_56' title='bbox 1602 697 1655 739; x_wconf 88' lang='grc'><strong>18</strong></span> 
     </span>
     <span class='ocr_line' id='line_1_12' title="bbox 249 766 1650 821; baseline -0.001 -11"><span class='ocrx_word' id='word_1_57' title='bbox 249 768 326 821; x_wconf 84' lang='lat' dir='ltr'><strong>in.)</strong></span> <span class='ocrx_word' id='word_1_58' title='bbox 386 766 485 819; x_wconf 76' lang='lat' dir='ltr'><strong>Qua</strong></span> <span class='ocrx_word' id='word_1_59' title='bbox 515 769 661 809; x_wconf 85' lang='lat' dir='ltr'><strong>audita</strong></span> <span class='ocrx_word' id='word_1_60' title='bbox 691 768 877 810; x_wconf 83' lang='lat' dir='ltr'><strong>Achilles</strong></span> <span class='ocrx_word' id='word_1_61' title='bbox 923 769 1314 810; x_wconf 85' lang='lat' dir='ltr'><strong>vehementissimos</strong></span> <span class='ocrx_word' id='word_1_62' title='bbox 1354 769 1493 809; x_wconf 83' lang='lat' dir='ltr'><strong>luctus</strong></span> <span class='ocrx_word' id='word_1_63' title='bbox 1525 767 1650 816; x_wconf 84' lang='lat' dir='ltr'><strong>tollit,</strong></span> 
     </span>
     <span class='ocr_line' id='line_1_13' title="bbox 251 829 1652 893; baseline -0.001 -15"><span class='ocrx_word' id='word_1_64' title='bbox 251 829 433 893; x_wconf 82' lang='lat' dir='ltr'><strong>quorum</strong></span> <span class='ocrx_word' id='word_1_65' title='bbox 464 837 664 878; x_wconf 87' lang='lat' dir='ltr'><strong>nonnulla</strong></span> <span class='ocrx_word' id='word_1_66' title='bbox 694 837 898 879; x_wconf 86' lang='lat' dir='ltr'><strong>habemus</strong></span> <span class='ocrx_word' id='word_1_67' title='bbox 930 838 1111 893; x_wconf 81' lang='lat' dir='ltr'><strong>vestigia</strong></span> <span class='ocrx_word' id='word_1_68' title='bbox 1140 839 1182 878; x_wconf 89' lang='lat' dir='ltr'><strong>in</strong></span> <span class='ocrx_word' id='word_1_69' title='bbox 1214 837 1412 893; x_wconf 82' lang='lat' dir='ltr'><strong>Aeschyli</strong></span> <span class='ocrx_word' id='word_1_70' title='bbox 1443 836 1652 892; x_wconf 84' lang='lat' dir='ltr'><strong>fragmen-</strong></span> 
     </span>
     <span class='ocr_line' id='line_1_14' title="bbox 249 906 1649 963; baseline -0.001 -14"><span class='ocrx_word' id='word_1_71' title='bbox 249 908 318 949; x_wconf 86' lang='lat' dir='ltr'><strong>tis.</strong></span> <span class='ocrx_word' id='word_1_72' title='bbox 380 906 453 949; x_wconf 82' lang='lat' dir='ltr'><strong>Ad</strong></span> <span class='ocrx_word' id='word_1_73' title='bbox 479 907 586 948; x_wconf 85' lang='lat' dir='ltr'><strong>hane</strong></span> <span class='ocrx_word' id='word_1_74' title='bbox 615 907 940 962; x_wconf 83' lang='lat' dir='ltr'><strong>Myrmidonum</strong></span> <span class='ocrx_word' id='word_1_75' title='bbox 980 911 1147 963; x_wconf 87' lang='lat' dir='ltr'><strong>partem</strong></span> <span class='ocrx_word' id='word_1_76' title='bbox 1177 907 1397 948; x_wconf 86' lang='lat' dir='ltr'><strong>referenda</strong></span> <span class='ocrx_word' id='word_1_77' title='bbox 1429 921 1520 948; x_wconf 92' lang='lat' dir='ltr'><strong>esse</strong></span> <span class='ocrx_word' id='word_1_78' title='bbox 1552 921 1649 948; x_wconf 83' lang='lat' dir='ltr'><strong>eum</strong></span> 
     </span>
     <span class='ocr_line' id='line_1_15' title="bbox 250 975 1187 1033; baseline -0.001 -15"><span class='ocrx_word' id='word_1_79' title='bbox 250 977 341 1021; x_wconf 75' lang='lat' dir='ltr'><strong>aliis</strong></span> <span class='ocrx_word' id='word_1_80' title='bbox 372 979 479 1033; x_wconf 87' lang='lat' dir='ltr'><strong>puto</strong></span> <span class='ocrx_word' id='word_1_81' title='bbox 512 975 657 1019; x_wconf 84' lang='lat' dir='ltr'><strong>Ovidii</strong></span> <span class='ocrx_word' id='word_1_82' title='bbox 684 976 814 1017; x_wconf 88' lang='lat' dir='ltr'><strong>verba</strong></span> <span class='ocrx_word' id='word_1_83' title='bbox 844 977 974 1019; x_wconf 86' lang='lat' dir='ltr'><strong>Trist.</strong></span> <span class='ocrx_word' id='word_1_84' title='bbox 1009 976 1047 1019; x_wconf 87' lang='lat'><strong>2.</strong></span> <span class='ocrx_word' id='word_1_85' title='bbox 1080 976 1187 1018; x_wconf 82' lang='lat'>409:</span> 
     </span>
    </p>

    <p class='ocr_par' dir='ltr' id='par_1_6' title="bbox 466 1048 1401 1101">
     <span class='ocr_line' id='line_1_16' title="bbox 466 1048 1401 1101; baseline -0.002 -15"><span class='ocrx_word' id='word_1_86' title='bbox 466 1052 538 1087; x_wconf 74' lang='lat' dir='ltr'><strong>Est</strong></span> <span class='ocrx_word' id='word_1_87' title='bbox 569 1052 607 1086; x_wconf 80' lang='lat' dir='ltr'><strong>in</strong></span> <span class='ocrx_word' id='word_1_88' title='bbox 639 1048 846 1086; x_wconf 73' lang='lat' dir='ltr'><strong>obscoenos</strong></span> <span class='ocrx_word' id='word_1_89' title='bbox 878 1049 1027 1101; x_wconf 66' lang='lat' dir='ltr'><strong>deflexa</strong></span> <span class='ocrx_word' id='word_1_90' title='bbox 1060 1049 1265 1100; x_wconf 72' lang='lat' dir='ltr'><strong>tragoedia</strong></span> <span class='ocrx_word' id='word_1_91' title='bbox 1297 1053 1401 1086; x_wconf 63' lang='lat' dir='ltr'><strong>risus</strong></span> 
     </span>
    </p>

    <p class='ocr_par' dir='ltr' id='par_1_7' title="bbox 250 1117 1656 1378">
     <span class='ocr_line' id='line_1_17' title="bbox 464 1117 1401 1171; baseline -0.001 -16"><span class='ocrx_word' id='word_1_92' title='bbox 464 1118 671 1170; x_wconf 72' lang='lat' dir='ltr'><strong>JlIullaqte</strong></span> <span class='ocrx_word' id='word_1_93' title='bbox 697 1119 906 1171; x_wconf 70' lang='lat' dir='ltr'><strong>praelert&#39;lt&#39;</strong></span> <span class='ocrx_word' id='word_1_94' title='bbox 938 1117 1051 1154; x_wconf 70' lang='lat' dir='ltr'><strong>verba</strong></span> <span class='ocrx_word' id='word_1_95' title='bbox 1080 1118 1244 1171; x_wconf 72' lang='lat' dir='ltr'><strong>pudoris</strong></span> <span class='ocrx_word' id='word_1_96' title='bbox 1278 1117 1401 1157; x_wconf 68' lang='lat' dir='ltr'><strong>habel.</strong></span> 
     </span>
     <span class='ocr_line' id='line_1_18' title="bbox 250 1181 1654 1239; baseline -0.002 -12"><span class='ocrx_word' id='word_1_97' title='bbox 250 1183 362 1227; x_wconf 81' lang='lat' dir='ltr'><strong>Nam</strong></span> <span class='ocrx_word' id='word_1_98' title='bbox 391 1183 518 1227; x_wconf 85' lang='lat' dir='ltr'><strong>Plato</strong></span> <span class='ocrx_word' id='word_1_99' title='bbox 551 1181 749 1239; x_wconf 84' lang='lat' dir='ltr'><strong>Sympos.</strong></span> <span class='ocrx_word' id='word_1_100' title='bbox 782 1198 824 1238; x_wconf 88' lang='lat' dir='ltr'><strong>p.</strong></span> <span class='ocrx_word' id='word_1_101' title='bbox 859 1182 964 1224; x_wconf 85' lang='lat'>180:</span> <span class='ocrx_word' id='word_1_102' title='bbox 1010 1182 1226 1235; x_wconf 75' lang='grc' dir='ltr'><strong>Αἰσχύλος</strong></span> <span class='ocrx_word' id='word_1_103' title='bbox 1267 1183 1310 1223; x_wconf 78' lang='grc' dir='ltr'><strong>δὲ</strong></span> <span class='ocrx_word' id='word_1_104' title='bbox 1350 1187 1528 1238; x_wconf 55' lang='lat' dir='ltr'><strong>cpit-ape?</strong></span> <span class='ocrx_word' id='word_1_105' title='bbox 1562 1181 1654 1238; x_wconf 80' lang='grc' dir='ltr'><strong>φά-</strong></span> 
     </span>
     <span class='ocr_line' id='line_1_19' title="bbox 253 1251 1656 1310; baseline -0.002 -15"><span class='ocrx_word' id='word_1_106' title='bbox 253 1271 360 1295; x_wconf 77' lang='grc' dir='ltr'><em>σκων</em></span> <span class='ocrx_word' id='word_1_107' title='bbox 384 1252 586 1305; x_wconf 74' lang='grc' dir='ltr'><strong>Ἀχιλλέα</strong></span> <span class='ocrx_word' id='word_1_108' title='bbox 627 1251 877 1306; x_wconf 79' lang='grc' dir='ltr'><strong><em>ΙΙατρόκλου</em></strong></span> <span class='ocrx_word' id='word_1_109' title='bbox 917 1253 1027 1310; x_wconf 75' lang='grc' dir='ltr'><em>ἓρᾷν.</em></span> <span class='ocrx_word' id='word_1_110' title='bbox 1088 1252 1291 1294; x_wconf 82' lang='lat' dir='ltr'><strong>Fortasse</strong></span> <span class='ocrx_word' id='word_1_111' title='bbox 1338 1251 1514 1293; x_wconf 85' lang='lat' dir='ltr'><strong>Achillis</strong></span> <span class='ocrx_word' id='word_1_112' title='bbox 1557 1254 1656 1292; x_wconf 78' lang='lat' dir='ltr'><strong>sunt</strong></span> 
     </span>
     <span class='ocr_line' id='line_1_20' title="bbox 252 1320 617 1378; baseline -0.005 -14"><span class='ocrx_word' id='word_1_113' title='bbox 252 1323 439 1378; x_wconf 83' lang='lat' dir='ltr'><strong>lugentis</strong></span> <span class='ocrx_word' id='word_1_114' title='bbox 470 1320 617 1363; x_wconf 83' lang='lat' dir='ltr'><strong>verba:</strong></span> 
     </span>
    </p>
   </div>
   <div class='ocr_carea' id='block_1_5' title="bbox 255 1401 1658 1737">
    <p class='ocr_par' dir='ltr' id='par_1_8' title="bbox 255 1401 1640 1737">
     <span class='ocr_line' id='line_1_21' title="bbox 370 1401 1505 1459; baseline -0.001 -13"><span class='ocrx_word' id='word_1_115' title='bbox 370 1403 499 1446; x_wconf 88' lang='lat' dir='ltr'>XIV.</span> <span class='ocrx_word' id='word_1_116' title='bbox 541 1401 679 1445; x_wconf 79' lang='lat' dir='ltr'><strong>Video</strong></span> <span class='ocrx_word' id='word_1_117' title='bbox 712 1402 905 1458; x_wconf 86' lang='lat' dir='ltr'><strong>sepulcra</strong></span> <span class='ocrx_word' id='word_1_118' title='bbox 936 1402 1021 1444; x_wconf 77' lang='lat' dir='ltr'><strong>duo</strong></span> <span class='ocrx_word' id='word_1_119' title='bbox 1053 1403 1235 1444; x_wconf 82' lang='lat' dir='ltr'><strong>duorum</strong></span> <span class='ocrx_word' id='word_1_120' title='bbox 1265 1402 1505 1459; x_wconf 75' lang='lat' dir='ltr'><strong>corporum.</strong></span> 
     </span>
     <span class='ocr_line' id='line_1_22' title="bbox 255 1470 1338 1528; baseline -0.002 -14"><span class='ocrx_word' id='word_1_121' title='bbox 255 1470 343 1524; x_wconf 80' lang='lat' dir='ltr'><strong>Qui</strong></span> <span class='ocrx_word' id='word_1_122' title='bbox 373 1474 434 1514; x_wconf 85' lang='lat' dir='ltr'><strong>ita</strong></span> <span class='ocrx_word' id='word_1_123' title='bbox 461 1472 651 1527; x_wconf 82' lang='lat' dir='ltr'><strong>loquitur</strong></span> <span class='ocrx_word' id='word_1_124' title='bbox 681 1487 748 1528; x_wconf 83' lang='lat' dir='ltr'><strong>ap.</strong></span> <span class='ocrx_word' id='word_1_125' title='bbox 777 1472 1018 1513; x_wconf 88' lang='lat' dir='ltr'><strong>Homerum</strong></span> <span class='ocrx_word' id='word_1_126' title='bbox 1048 1472 1097 1514; x_wconf 91' lang='lat' dir='ltr'><strong>Il.</strong></span> <span class='ocrx_word' id='word_1_127' title='bbox 1136 1471 1199 1514; x_wconf 85' lang='lat'><strong>18.</strong></span> <span class='ocrx_word' id='word_1_128' title='bbox 1234 1472 1338 1514; x_wconf 82' lang='lat'>329:</span> 
     </span>
     <span class='ocr_line' id='line_1_23' title="bbox 465 1539 1444 1597; baseline -0.001 -15"><span class='ocrx_word' id='word_1_129' title='bbox 465 1541 590 1597; x_wconf 73' lang='grc' dir='ltr'><em>ἄμφω</em></span> <span class='ocrx_word' id='word_1_130' title='bbox 612 1541 691 1596; x_wconf 59' lang='grc' dir='ltr'><strong>9ἀο</strong></span> <span class='ocrx_word' id='word_1_131' title='bbox 723 1542 931 1596; x_wconf 74' lang='grc' dir='ltr'><strong>πέπρωται</strong></span> <span class='ocrx_word' id='word_1_132' title='bbox 965 1539 1113 1595; x_wconf 81' lang='grc' dir='ltr'>ὀιιοιήν</span> <span class='ocrx_word' id='word_1_133' title='bbox 1143 1548 1263 1595; x_wconf 73' lang='grc' dir='ltr'><em>γαῖαν</em></span> <span class='ocrx_word' id='word_1_134' title='bbox 1286 1541 1444 1594; x_wconf 65' lang='grc' dir='ltr'><strong><em>ἐρεῦσαι</em></strong></span> 
     </span>
     <span class='ocr_line' id='line_1_24' title="bbox 466 1609 860 1665; baseline -0.005 -14"><span class='ocrx_word' id='word_1_135' title='bbox 466 1609 592 1654; x_wconf 75' lang='grc' dir='ltr'><em>αἰτοῦ</em></span> <span class='ocrx_word' id='word_1_136' title='bbox 625 1611 679 1651; x_wconf 62' lang='grc' dir='ltr'><strong>ἐπὶ</strong></span> <span class='ocrx_word' id='word_1_137' title='bbox 714 1612 860 1665; x_wconf 79' lang='grc' dir='ltr'><em>Τροίῃ.</em></span> 
     </span>
     <span class='ocr_line' id='line_1_25' title="bbox 255 1679 1658 1737; baseline 0 -14"><span class='ocrx_word' id='word_1_138' title='bbox 255 1680 376 1723; x_wconf 88' lang='lat' dir='ltr'><strong>Ubi</strong></span> <span class='ocrx_word' id='word_1_139' title='bbox 365 1695 568 1722; x_wconf 86' lang='lat' dir='ltr'><strong>mermem</strong></span> <span class='ocrx_word' id='word_1_140' title='bbox 602 1695 646 1721; x_wconf 88' lang='lat' dir='ltr'><strong>se</strong></span> <span class='ocrx_word' id='word_1_141' title='bbox 678 1680 831 1728; x_wconf 84' lang='lat' dir='ltr'><strong>sentit,</strong></span> <span class='ocrx_word' id='word_1_142' title='bbox 865 1679 1073 1720; x_wconf 80' lang='lat' dir='ltr'><strong>exclamat</strong></span> <span class='ocrx_word' id='word_1_143' title='bbox 1093 1679 1164 1734; x_wconf 85' lang='lat' dir='ltr'><strong>(fr.</strong></span> <span class='ocrx_word' id='word_1_144' title='bbox 1186 1680 1343 1723; x_wconf 88' lang='lat' dir='ltr'><strong>Aeseh.</strong></span> <span class='ocrx_word' id='word_1_145' title='bbox 1371 1680 1465 1723; x_wconf 89' lang='lat'>133.</span> <span class='ocrx_word' id='word_1_146' title='bbox 1487 1680 1658 1737; x_wconf 89' lang='lat' dir='ltr'><strong>Dind..)</strong></span> 
     </span>
    </p>
   </div>
   <div class='ocr_carea' id='block_1_6' title="bbox 256 1749 1662 1938">
    <p class='ocr_par' dir='ltr' id='par_1_9' title="bbox 256 1749 1662 1938">
     <span class='ocr_line' id='line_1_26' title="bbox 466 1749 876 1798; baseline -0.005 -7"><span class='ocrx_word' id='word_1_147' title='bbox 466 1749 603 1791; x_wconf 72' lang='lat' dir='ltr'><strong>c‘in7wv</strong></span> <span class='ocrx_word' id='word_1_148' title='bbox 635 1749 773 1790; x_wconf 64' lang='lat' dir='ltr'><strong>&amp;mun</strong></span> <span class='ocrx_word' id='word_1_149' title='bbox 805 1751 876 1798; x_wconf 71' lang='grc' dir='ltr'><strong>δεῖ,</strong></span> 
     </span>
     <span class='ocr_line' id='line_1_27' title="bbox 257 1817 1662 1876; baseline -0.001 -14"><span class='ocrx_word' id='word_1_150' title='bbox 257 1834 364 1876; x_wconf 85' lang='lat' dir='ltr'><strong>quae</strong></span> <span class='ocrx_word' id='word_1_151' title='bbox 406 1835 432 1861; x_wconf 82' lang='lat' dir='ltr'>a</span> <span class='ocrx_word' id='word_1_152' title='bbox 476 1819 658 1861; x_wconf 87' lang='lat' dir='ltr'><strong>Thetide</strong></span> <span class='ocrx_word' id='word_1_153' title='bbox 702 1820 745 1860; x_wconf 87' lang='lat' dir='ltr'><strong>in</strong></span> <span class='ocrx_word' id='word_1_154' title='bbox 790 1817 1005 1874; x_wconf 84' lang='lat' dir='ltr'><strong>profundo</strong></span> <span class='ocrx_word' id='word_1_155' title='bbox 1051 1819 1178 1859; x_wconf 87' lang='lat' dir='ltr'><strong>maris</strong></span> <span class='ocrx_word' id='word_1_156' title='bbox 1223 1819 1466 1862; x_wconf 83' lang='lat' dir='ltr'><strong>audiuntur.</strong></span> <span class='ocrx_word' id='word_1_157' title='bbox 1530 1818 1662 1872; x_wconf 83' lang='lat' dir='ltr'><strong>Quod</strong></span> 
     </span>
     <span class='ocr_line' id='line_1_28' title="bbox 256 1888 1661 1938; baseline -0.001 -7"><span class='ocrx_word' id='word_1_158' title='bbox 256 1890 506 1932; x_wconf 87' lang='lat' dir='ltr'><strong>Hermanno</strong></span> <span class='ocrx_word' id='word_1_159' title='bbox 535 1888 762 1931; x_wconf 87' lang='lat' dir='ltr'><strong>verisimile</strong></span> <span class='ocrx_word' id='word_1_160' title='bbox 792 1888 930 1929; x_wconf 89' lang='lat' dir='ltr'><strong>visum</strong></span> <span class='ocrx_word' id='word_1_161' title='bbox 969 1890 1057 1938; x_wconf 89' lang='lat' dir='ltr'><strong>est,</strong></span> <span class='ocrx_word' id='word_1_162' title='bbox 1099 1889 1142 1929; x_wconf 89' lang='lat' dir='ltr'><strong>in</strong></span> <span class='ocrx_word' id='word_1_163' title='bbox 1173 1892 1364 1930; x_wconf 82' lang='lat' dir='ltr'><strong>extrema</strong></span> <span class='ocrx_word' id='word_1_164' title='bbox 1393 1888 1538 1930; x_wconf 86' lang='lat' dir='ltr'><strong>fabula</strong></span> <span class='ocrx_word' id='word_1_165' title='bbox 1568 1903 1661 1931; x_wconf 87' lang='lat' dir='ltr'><strong>eam</strong></span> 
     </span>
    </p>
   </div>
   <div class='ocr_carea' id='block_1_7' title="bbox 258 2062 1664 2627">
    <p class='ocr_par' dir='ltr' id='par_1_10' title="bbox 258 2062 1664 2627">
     <span class='ocr_line' id='line_1_29' title="bbox 374 2062 1661 2108; baseline -0.002 -11"><span class='ocrx_word' id='word_1_166' title='bbox 374 2064 452 2101; x_wconf 75' lang='lat' dir='ltr'><strong>Xlll,</strong></span> <span class='ocrx_word' id='word_1_167' title='bbox 489 2063 576 2099; x_wconf 71' lang='lat' dir='ltr'><strong>Non.</strong></span> <span class='ocrx_word' id='word_1_168' title='bbox 612 2075 644 2106; x_wconf 79' lang='lat' dir='ltr'><strong>p.</strong></span> <span class='ocrx_word' id='word_1_169' title='bbox 671 2066 750 2099; x_wconf 81' lang='grc'>261.</span> <span class='ocrx_word' id='word_1_170' title='bbox 777 2062 832 2098; x_wconf 85' lang='grc'><strong>23.</strong></span> <span class='ocrx_word' id='word_1_171' title='bbox 885 2065 1031 2097; x_wconf 76' lang='lat' dir='ltr'><strong>Cernere</strong></span> <span class='ocrx_word' id='word_1_172' title='bbox 1064 2062 1245 2108; x_wconf 54' lang='lat' dir='ltr'><strong>significat</strong></span> <span class='ocrx_word' id='word_1_173' title='bbox 1279 2063 1394 2095; x_wconf 76' lang='lat' dir='ltr'><strong>videre</strong></span> <span class='ocrx_word' id='word_1_174' title='bbox 1419 2083 1438 2089; x_wconf 94' lang='lat'>-</span> <span class='ocrx_word' id='word_1_175' title='bbox 1465 2083 1484 2089; x_wconf 94' lang='lat'>-</span> <span class='ocrx_word' id='word_1_176' title='bbox 1514 2064 1661 2096; x_wconf 82' lang='lat' dir='ltr'><strong>Cernere</strong></span> 
     </span>
     <span class='ocr_line' id='line_1_30' title="bbox 258 2119 1661 2166; baseline -0.002 -11"><span class='ocrx_word' id='word_1_177' title='bbox 258 2129 396 2156; x_wconf 68' lang='lat' dir='ltr'><strong>rur-sum</strong></span> <span class='ocrx_word' id='word_1_178' title='bbox 414 2121 532 2154; x_wconf 79' lang='lat' dir='ltr'><strong>cedere</strong></span> <span class='ocrx_word' id='word_1_179' title='bbox 551 2121 641 2153; x_wconf 78' lang='lat' dir='ltr'><strong>unde</strong></span> <span class='ocrx_word' id='word_1_180' title='bbox 667 2130 696 2153; x_wconf 76' lang='lat' dir='ltr'><strong>et</strong></span> <span class='ocrx_word' id='word_1_181' title='bbox 715 2133 855 2153; x_wconf 82' lang='lat' dir='ltr'><strong>cernere</strong></span> <span class='ocrx_word' id='word_1_182' title='bbox 873 2120 1186 2166; x_wconf 75' lang='lat' dir='ltr'><strong>hereditatemfilil</strong></span> <span class='ocrx_word' id='word_1_183' title='bbox 1200 2122 1373 2165; x_wconf 81' lang='lat' dir='ltr'><strong>patribus,</strong></span> <span class='ocrx_word' id='word_1_184' title='bbox 1398 2120 1438 2152; x_wconf 86' lang='lat' dir='ltr'><strong>id</strong></span> <span class='ocrx_word' id='word_1_185' title='bbox 1453 2128 1514 2161; x_wconf 85' lang='lat' dir='ltr'><strong>est,</strong></span> <span class='ocrx_word' id='word_1_186' title='bbox 1541 2119 1661 2153; x_wconf 81' lang='lat' dir='ltr'><strong>cedere</strong></span> 
     </span>
     <span class='ocr_line' id='line_1_31' title="bbox 259 2177 1660 2221; baseline -0.002 -9"><span class='ocrx_word' id='word_1_187' title='bbox 259 2180 455 2215; x_wconf 69' lang='lat' dir='ltr'><strong>dicti-sunt,</strong></span> <span class='ocrx_word' id='word_1_188' title='bbox 493 2181 616 2211; x_wconf 81' lang='lat' dir='ltr'><strong>Accius</strong></span> <span class='ocrx_word' id='word_1_189' title='bbox 644 2177 942 2221; x_wconf 65' lang='lat' dir='ltr'><strong>Myrmidonibus:</strong></span> <span class='ocrx_word' id='word_1_190' title='bbox 966 2197 1051 2202; x_wconf 92' lang='lat'><strong>-—</strong></span> <span class='ocrx_word' id='word_1_191' title='bbox 1074 2180 1220 2211; x_wconf 80' lang='lat' dir='ltr'><strong>Cer-nam</strong></span> <span class='ocrx_word' id='word_1_192' title='bbox 1246 2186 1269 2213; x_wconf 81' lang='lat' dir='ltr'><strong>t,</strong></span> <span class='ocrx_word' id='word_1_193' title='bbox 1296 2190 1322 2213; x_wconf 74' lang='lat' dir='ltr'><strong>e.</strong></span> <span class='ocrx_word' id='word_1_194' title='bbox 1346 2179 1479 2218; x_wconf 83' lang='lat' dir='ltr'><strong>(malim</strong></span> <span class='ocrx_word' id='word_1_195' title='bbox 1495 2189 1552 2221; x_wconf 88' lang='lat' dir='ltr'><strong>mg</strong></span> <span class='ocrx_word' id='word_1_196' title='bbox 1576 2177 1601 2213; x_wconf 87' lang='lat' dir='ltr'><strong>I.</strong></span> <span class='ocrx_word' id='word_1_197' title='bbox 1619 2195 1660 2201; x_wconf 86' lang='lat'><strong>——</strong></span> 
     </span>
     <span class='ocr_line' id='line_1_32' title="bbox 259 2235 1664 2279; baseline -0.002 -9"><span class='ocrx_word' id='word_1_198' title='bbox 259 2239 446 2270; x_wconf 69' lang='lat' dir='ltr'><strong>exercitum</strong></span> <span class='ocrx_word' id='word_1_199' title='bbox 468 2236 541 2277; x_wconf 80' lang='lat' dir='ltr'><strong>Al.)</strong></span> <span class='ocrx_word' id='word_1_200' title='bbox 556 2236 626 2272; x_wconf 63' lang='lat' dir='ltr'><strong>CR:</strong></span> <span class='ocrx_word' id='word_1_201' title='bbox 646 2235 670 2268; x_wconf 91' lang='lat' dir='ltr'>C</span> <span class='ocrx_word' id='word_1_202' title='bbox 685 2247 700 2268; x_wconf 91' lang='lat' dir='ltr'><strong>r</strong></span> <span class='ocrx_word' id='word_1_203' title='bbox 713 2237 781 2268; x_wconf 87' lang='lat' dir='ltr'><strong>evi</strong></span> <span class='ocrx_word' id='word_1_204' title='bbox 801 2235 893 2268; x_wconf 79' lang='lat' dir='ltr'><strong>valet</strong></span> <span class='ocrx_word' id='word_1_205' title='bbox 912 2237 1085 2275; x_wconf 78' lang='lat' dir='ltr'><strong>constitui,</strong></span> <span class='ocrx_word' id='word_1_206' title='bbox 1112 2237 1229 2279; x_wconf 79' lang='lat' dir='ltr'><strong>itaque</strong></span> <span class='ocrx_word' id='word_1_207' title='bbox 1247 2236 1345 2268; x_wconf 79' lang='lat' dir='ltr'><strong>heres</strong></span> <span class='ocrx_word' id='word_1_208' title='bbox 1362 2246 1464 2279; x_wconf 91' lang='lat' dir='ltr'><strong>quom</strong></span> <span class='ocrx_word' id='word_1_209' title='bbox 1484 2236 1664 2268; x_wconf 81' lang='lat' dir='ltr'><strong>constituit</strong></span> 
     </span>
     <span class='ocr_line' id='line_1_33' title="bbox 260 2292 1662 2337; baseline -0.001 -10"><span class='ocrx_word' id='word_1_210' title='bbox 260 2306 297 2329; x_wconf 78' lang='lat' dir='ltr'><strong>se</strong></span> <span class='ocrx_word' id='word_1_211' title='bbox 323 2295 482 2328; x_wconf 82' lang='lat' dir='ltr'><strong>heredem</strong></span> <span class='ocrx_word' id='word_1_212' title='bbox 505 2305 578 2327; x_wconf 85' lang='lat' dir='ltr'><strong>esse</strong></span> <span class='ocrx_word' id='word_1_213' title='bbox 603 2295 729 2326; x_wconf 85' lang='lat' dir='ltr'><strong>dicitur</strong></span> <span class='ocrx_word' id='word_1_214' title='bbox 751 2304 933 2326; x_wconf 82' lang='lat' dir='ltr'><strong>cernere</strong></span> <span class='ocrx_word' id='word_1_215' title='bbox 955 2299 988 2326; x_wconf 81' lang='lat' dir='ltr'><strong>et</strong></span> <span class='ocrx_word' id='word_1_216' title='bbox 1010 2304 1112 2337; x_wconf 88' lang='lat' dir='ltr'><strong>quom</strong></span> <span class='ocrx_word' id='word_1_217' title='bbox 1139 2294 1171 2326; x_wconf 85' lang='lat' dir='ltr'><strong>id</strong></span> <span class='ocrx_word' id='word_1_218' title='bbox 1196 2294 1275 2326; x_wconf 86' lang='lat' dir='ltr'><strong>fecit</strong></span> <span class='ocrx_word' id='word_1_219' title='bbox 1299 2294 1518 2328; x_wconf 83' lang='lat' dir='ltr'><strong>crevisse.</strong></span> <span class='ocrx_word' id='word_1_220' title='bbox 1554 2292 1662 2326; x_wconf 84' lang='lat' dir='ltr'><strong>Varro</strong></span> 
     </span>
     <span class='ocr_line' id='line_1_34' title="bbox 262 2350 1661 2394; baseline -0.002 -9"><span class='ocrx_word' id='word_1_221' title='bbox 262 2353 297 2389; x_wconf 86' lang='lat' dir='ltr'><strong>L,</strong></span> <span class='ocrx_word' id='word_1_222' title='bbox 325 2353 355 2386; x_wconf 23' lang='grc' dir='ltr'><strong>[ΛΑ</strong></span> <span class='ocrx_word' id='word_1_223' title='bbox 383 2356 413 2389; x_wconf 92' lang='lat'><strong>7.</strong></span> <span class='ocrx_word' id='word_1_224' title='bbox 442 2356 472 2388; x_wconf 81' lang='lat'><strong>5.</strong></span> <span class='ocrx_word' id='word_1_225' title='bbox 501 2355 554 2388; x_wconf 81' lang='lat'><strong>99.</strong></span> <span class='ocrx_word' id='word_1_226' title='bbox 606 2352 687 2384; x_wconf 86' lang='lat' dir='ltr'><strong>Inde</strong></span> <span class='ocrx_word' id='word_1_227' title='bbox 714 2352 896 2394; x_wconf 74' lang='lat' dir='ltr'><strong>legendnm</strong></span> <span class='ocrx_word' id='word_1_228' title='bbox 925 2353 1039 2394; x_wconf 77' lang='lat' dir='ltr'><strong>putavi</strong></span> <span class='ocrx_word' id='word_1_229' title='bbox 1068 2359 1215 2383; x_wconf 75' lang='lat' dir='ltr'><strong>cernant</strong></span> <span class='ocrx_word' id='word_1_230' title='bbox 1246 2357 1279 2384; x_wconf 86' lang='lat' dir='ltr'><strong>et</strong></span> <span class='ocrx_word' id='word_1_231' title='bbox 1306 2352 1393 2383; x_wconf 88' lang='lat' dir='ltr'><strong>bene</strong></span> <span class='ocrx_word' id='word_1_232' title='bbox 1410 2350 1598 2384; x_wconf 81' lang='lat' dir='ltr'><strong>Mercerum</strong></span> <span class='ocrx_word' id='word_1_233' title='bbox 1627 2351 1661 2382; x_wconf 90' lang='lat' dir='ltr'><strong>in</strong></span> 
     </span>
     <span class='ocr_line' id='line_1_35' title="bbox 261 2407 1660 2452; baseline -0.003 -9"><span class='ocrx_word' id='word_1_234' title='bbox 261 2412 372 2444; x_wconf 85' lang='lat' dir='ltr'><strong>Nonio</strong></span> <span class='ocrx_word' id='word_1_235' title='bbox 402 2411 602 2443; x_wconf 74' lang='lat' dir='ltr'><strong>emendasse</strong></span> <span class='ocrx_word' id='word_1_236' title='bbox 628 2415 710 2452; x_wconf 73' lang='lat' dir='ltr'><strong>puto</strong></span> <span class='ocrx_word' id='word_1_237' title='bbox 730 2409 911 2441; x_wconf 73' lang='lat' dir='ltr'><strong>succedere</strong></span> <span class='ocrx_word' id='word_1_238' title='bbox 938 2420 997 2451; x_wconf 77' lang='lat' dir='ltr'><strong>pro</strong></span> <span class='ocrx_word' id='word_1_239' title='bbox 1015 2408 1142 2445; x_wconf 75' lang='lat' dir='ltr'><strong>cedere,</strong></span> <span class='ocrx_word' id='word_1_240' title='bbox 1181 2409 1325 2441; x_wconf 80' lang='lat' dir='ltr'><strong>Sensus:</strong></span> <span class='ocrx_word' id='word_1_241' title='bbox 1352 2409 1526 2441; x_wconf 78' lang='lat' dir='ltr'><strong>Maluntne</strong></span> <span class='ocrx_word' id='word_1_242' title='bbox 1553 2414 1586 2440; x_wconf 77' lang='lat' dir='ltr'><strong>te</strong></span> <span class='ocrx_word' id='word_1_243' title='bbox 1612 2407 1660 2440; x_wconf 91' lang='lat' dir='ltr'><strong>illi</strong></span> 
     </span>
     <span class='ocr_line' id='line_1_36' title="bbox 261 2466 1662 2511; baseline -0.002 -10"><span class='ocrx_word' id='word_1_244' title='bbox 261 2469 454 2511; x_wconf 51' lang='lat' dir='ltr'><strong>(llyrium.)</strong></span> <span class='ocrx_word' id='word_1_245' title='bbox 481 2467 678 2501; x_wconf 82' lang='lat' dir='ltr'><strong>rectorem?</strong></span> <span class='ocrx_word' id='word_1_246' title='bbox 730 2467 872 2505; x_wconf 68' lang='lat' dir='ltr'><strong>Dicant,</strong></span> <span class='ocrx_word' id='word_1_247' title='bbox 913 2466 1061 2499; x_wconf 78' lang='lat' dir='ltr'><strong>habeant</strong></span> <span class='ocrx_word' id='word_1_248' title='bbox 1087 2472 1120 2499; x_wconf 85' lang='lat' dir='ltr'><strong>te</strong></span> <span class='ocrx_word' id='word_1_249' title='bbox 1145 2467 1289 2506; x_wconf 82' lang='lat' dir='ltr'><strong>(adeant</strong></span> <span class='ocrx_word' id='word_1_250' title='bbox 1315 2467 1569 2506; x_wconf 74' lang='lat' dir='ltr'><strong>hereditatem),</strong></span> <span class='ocrx_word' id='word_1_251' title='bbox 1598 2476 1662 2508; x_wconf 86' lang='lat' dir='ltr'><strong>ego</strong></span> 
     </span>
     <span class='ocr_line' id='line_1_37' title="bbox 263 2524 1663 2569; baseline -0.002 -10"><span class='ocrx_word' id='word_1_252' title='bbox 263 2529 352 2559; x_wconf 75' lang='lat' dir='ltr'><strong>enini</strong></span> <span class='ocrx_word' id='word_1_253' title='bbox 380 2527 440 2559; x_wconf 81' lang='lat' dir='ltr'><strong>tibi</strong></span> <span class='ocrx_word' id='word_1_254' title='bbox 474 2537 615 2569; x_wconf 75' lang='lat' dir='ltr'><strong>regnum</strong></span> <span class='ocrx_word' id='word_1_255' title='bbox 640 2526 782 2558; x_wconf 82' lang='lat' dir='ltr'><strong>tradam.</strong></span> <span class='ocrx_word' id='word_1_256' title='bbox 832 2524 1011 2557; x_wconf 73' lang='lat' dir='ltr'><strong>Exercitus</strong></span> <span class='ocrx_word' id='word_1_257' title='bbox 1037 2530 1088 2557; x_wconf 71' lang='lat' dir='ltr'><strong>est</strong></span> <span class='ocrx_word' id='word_1_258' title='bbox 1121 2526 1294 2568; x_wconf 84' lang='lat' dir='ltr'><strong>genitivus</strong></span> <span class='ocrx_word' id='word_1_259' title='bbox 1322 2530 1355 2557; x_wconf 78' lang='lat' dir='ltr'><strong>et</strong></span> <span class='ocrx_word' id='word_1_260' title='bbox 1386 2524 1512 2568; x_wconf 87' lang='lat' dir='ltr'><strong>pendet</strong></span> <span class='ocrx_word' id='word_1_261' title='bbox 1546 2535 1564 2556; x_wconf 81' lang='lat' dir='ltr'>a</span> <span class='ocrx_word' id='word_1_262' title='bbox 1596 2533 1663 2556; x_wconf 90' lang='lat' dir='ltr'><strong>vo—</strong></span> 
     </span>
     <span class='ocr_line' id='line_1_38' title="bbox 262 2583 891 2627; baseline -0.006 -9"><span class='ocrx_word' id='word_1_263' title='bbox 262 2584 384 2618; x_wconf 83' lang='lat' dir='ltr'><strong>cabulo</strong></span> <span class='ocrx_word' id='word_1_264' title='bbox 411 2595 557 2626; x_wconf 77' lang='lat' dir='ltr'><strong>regnum</strong></span> <span class='ocrx_word' id='word_1_265' title='bbox 586 2583 678 2627; x_wconf 90' lang='lat' dir='ltr'><strong>quod</strong></span> <span class='ocrx_word' id='word_1_266' title='bbox 705 2583 891 2626; x_wconf 82' lang='lat' dir='ltr'><strong>praecedit,</strong></span> 
     </span>
    </p>
   </div>
   <div class='ocr_carea' id='block_1_8' title="bbox 379 2651 1591 2695">
    <p class='ocr_par' dir='ltr' id='par_1_11' title="bbox 379 2651 1591 2695">
     <span class='ocr_line' id='line_1_39' title="bbox 379 2651 1591 2695; baseline -0.002 -9"><span class='ocrx_word' id='word_1_267' title='bbox 379 2653 463 2686; x_wconf 74' lang='lat' dir='ltr'><strong>xlv.</strong></span> <span class='ocrx_word' id='word_1_268' title='bbox 506 2652 576 2689; x_wconf 79' lang='lat' dir='ltr'><strong>Cic.</strong></span> <span class='ocrx_word' id='word_1_269' title='bbox 604 2652 694 2687; x_wconf 80' lang='lat' dir='ltr'><strong>Orat.</strong></span> <span class='ocrx_word' id='word_1_270' title='bbox 721 2654 778 2687; x_wconf 82' lang='grc'><strong>46.</strong></span> <span class='ocrx_word' id='word_1_271' title='bbox 808 2654 884 2687; x_wconf 87' lang='grc'>156.</span> <span class='ocrx_word' id='word_1_272' title='bbox 936 2651 1017 2684; x_wconf 85' lang='lat' dir='ltr'><strong>Sine</strong></span> <span class='ocrx_word' id='word_1_273' title='bbox 1044 2652 1248 2695; x_wconf 81' lang='lat' dir='ltr'><strong>tragoediae</strong></span> <span class='ocrx_word' id='word_1_274' title='bbox 1275 2653 1414 2684; x_wconf 85' lang='lat' dir='ltr'><strong>nomine</strong></span> <span class='ocrx_word' id='word_1_275' title='bbox 1441 2651 1591 2684; x_wconf 73' lang='lat' dir='ltr'><strong>affertur.</strong></span> 
     </span>
    </p>
   </div>
  </div>
 </body>
</html>
