1856 3027
142 198 206 239 15.

141 681 205 724 16.

236 95 288 138 10

348 196 453 240 XV.
495 197 619 240 Nunc
641 203 688 240 tu
720 200 762 240 in
793 215 838 241 re
868 202 1043 255 crepera
1073 204 1148 242 tua
1170 202 1270 256 quid
1293 202 1435 258 capias
1468 204 1630 245 consilii

648 269 757 311 vide.

229 336 372 378 Maior
403 337 530 378 etiam
568 338 631 378 ira
672 338 847 393 corripit
881 337 1082 381 Graecos.
1147 337 1233 381 Sed
1273 338 1629 396 Clytaemnestra,

230 420 337 461 quae
367 406 527 448 interea
559 421 581 447 e
613 407 729 462 regia
758 408 989 462 processit,
1021 408 1340 450 vehementibus
1371 409 1511 451 verbis
1541 411 1631 452 adit

230 475 452 530 coniugem
484 490 535 516 ne
566 476 701 517 scelus
732 476 877 517 sceleri
908 477 1066 518 addens
1097 481 1198 533 post
1228 478 1494 534 Iphigeniam
1526 478 1630 522 Ore-

230 546 338 585 stem
384 559 552 599 quoque
592 546 756 600 perdat.
828 546 971 587 Huius
1015 546 1173 588 fuerint
1219 547 1283 589 vel
1333 548 1451 590 chori
1496 562 1631 590 assen-

228 613 392 654 tientis:

344 683 472 725 XVI.
505 710 562 716 —-
592 683 780 726 Proinde
810 684 972 727 isthaec
1002 688 1080 727 tua

508 753 646 794 Aufer
657 754 857 795 terricula
868 759 996 810 atque
1012 756 1200 797 animum
1212 756 1370 797 iratum
1387 755 1630 811 comprime.

227 821 378 878 Eurip.
411 822 502 864 Tel.
534 822 587 866 fr.
620 822 698 864 24:

498 890 616 944 ‘'..Qpa
645 909 687 933 σε
718 897 859 945 θυμοῦ
882 895 1096 947 κρείσσονα
1127 894 1294 948 γνώμην
1325 893 1439 945 ἔχειν.

227 960 480 1003 Necessitati
511 976 671 1003 morem
703 977 853 1018 gerens
893 962 1089 1018 precibus
1121 978 1164 1004 se
1195 978 1414 1004 cessurum
1445 965 1631 1005 ostendit

227 1031 517 1087 Agamemno,
566 1032 640 1073 sed
681 1032 842 1074 oraculi
883 1032 1119 1073 obscuritas
1160 1033 1359 1088 impedit,
1405 1034 1630 1087 quominus

228 1104 342 1143 recte
369 1101 644 1157 intelligatur.
692 1100 834 1153 Quam
867 1101 1162 1143 difficultatem
1192 1102 1354 1151 tollere,
1387 1106 1436 1143 ut
1467 1106 1631 1158 tragoe-

227 1171 321 1212 diae
354 1171 674 1226 dispositionem
705 1171 1076 1227 investigavimus,
1107 1187 1193 1213 non
1224 1171 1364 1220 Ulixi,
1405 1170 1478 1212 sed
1509 1172 1632 1213 alicui

228 1240 406 1282 deorum
436 1240 580 1296 potius
612 1240 885 1282 tribuendum
918 1241 1100 1284 videtur.
1157 1240 1269 1282 Nam
1299 1241 1403 1282 illud
1433 1256 1517 1283 non
1549 1241 1632 1283 suf-

227 1309 407 1359 ficiebat,
437 1313 485 1351 ut
517 1310 735 1351 oraculum
767 1311 1072 1366 explicaretur3
1105 1325 1273 1352 necesse
1304 1313 1395 1352 erat
1427 1311 1553 1352 etiam
1582 1314 1632 1353 ut

228 1380 357 1421 animi
397 1379 580 1420 fratrum
623 1379 678 1420 ad
718 1380 1086 1421 mansuetudinem
1126 1380 1397 1422 flecterentur
1438 1383 1481 1421 et
1519 1380 1631 1437 Aga-

228 1464 426 1491 memnon
458 1464 534 1490 sua
563 1450 797 1505 pertinacia
827 1465 912 1490 nou
943 1450 1123 1505 amplius
1169 1450 1273 1491 alios
1305 1465 1473 1505 quoque
1504 1450 1632 1492 duces

228 1534 253 1561 a
282 1518 466 1561 Menelai
507 1519 680 1560 consilio
712 1519 979 1562 abalienaret.
1041 1519 1239 1568 Accedit,
1273 1519 1388 1573 quod
1418 1519 1631 1575 Telephus

227 1604 278 1631 eo
310 1588 464 1629 adduci
497 1588 702 1637 debebat,
735 1592 784 1629 ut
818 1587 1019 1638 Graecis,
1050 1588 1149 1629 licet
1181 1603 1327 1630 socero
1358 1587 1543 1637 infestis,
1576 1589 1631 1630 vi-

227 1674 295 1699 am
327 1661 598 1701 monstraret.
647 1657 794 1710 Quare
815 1658 1065 1699 crediderim
1086 1658 1328 1700 Minervam
1356 1672 1408 1698 ex
1440 1658 1633 1699 maehina

227 1728 494 1784 apparuisse,
537 1731 585 1769 ut
626 1729 776 1770 eodem
809 1727 937 1769 modo
968 1743 1017 1769 ac
1057 1726 1266 1768 Hercules
1311 1728 1355 1767 in
1394 1727 1632 1769 Philoctete

227 1797 467 1854 Sophocleo
509 1798 670 1840 nodum
710 1798 894 1839 solveret
940 1800 983 1838 et
1030 1796 1120 1838 fata
1160 1797 1314 1838 Troiae
1353 1797 1630 1852 praediceret.

226 1867 377 1909 Finem
407 1868 653 1923 tragoediae
684 1882 855 1908 carmen
885 1866 1004 1908 chori
1032 1866 1181 1907 fecisse
1213 1866 1417 1916 arbitror,
1451 1867 1523 1921 qui
1554 1866 1631 1908 otii

226 1938 351 1978 invisi
381 1937 464 1977 iam
487 1937 559 1978 diu
589 1939 832 1992 pertaesus,
875 1951 1008 1990 quum
1039 1936 1154 1990 quod
1195 1936 1407 1991 optaverit
1449 1935 1629 1991 adeptus

228 2007 306 2056 sit,
339 2006 436 2048 belli
468 2007 788 2062 cupidissimum
821 2021 865 2047 se
898 2006 1023 2047 dicit:

345 2181 419 2216 XV,
455 2179 543 2214 Non.
569 2191 600 2222 p.
629 2182 682 2215 13.
708 2182 763 2216 23,
806 2182 957 2224 Crepera
982 2193 1036 2212 res
1062 2180 1193 2212 dicitur
1219 2181 1365 2222 proprie
1390 2178 1514 2219 dubim·
1541 2179 1632 2212 unde

229 2248 260 2271 et
288 2239 525 2283 crepusculum
552 2238 684 2270 dicitur
719 2239 778 2270 lux
809 2237 915 2270 dubia
941 2246 971 2269 et
1005 2249 1099 2269 senes
1125 2236 1309 2279 desrep1'11·‚
1340 2238 1376 2268 in
1408 2236 1513 2269 dubio
1539 2238 1632 2269 vilae

228 2297 422 2331 constituti,
473 2297 659 2339 Creperum
694 2295 814 2327 bellum
841 2307 968 2339 anceps
994 2303 1024 2327 et
1062 2294 1201 2327 dubium
1227 2311 1242 2318 -
1267 2311 1282 2318 -
1309 2295 1432 2327 Accius
1456 2311 1472 2319 ·
1498 2311 1512 2319 -
1539 2292 1632 2325 Idem

230 2353 374 2397 Telefo:
400 2372 490 2377 —-—

346 2411 430 2443 XVI⁴
468 2410 555 2446 Non,
591 2421 622 2452 p.
657 2411 736 2446 227.
770 2412 830 2445 31:
873 2410 1073 2443 Terriculae
1108 2411 1248 2451 generis
1274 2407 1453 2454 feminini,
1506 2407 1634 2441 Neutri

231 2471 355 2501 Accius
381 2487 395 2494 -
422 2486 436 2493 -
466 2468 556 2500 Idem
585 2469 727 2512 Tequo:
767 2467 921 2500 Proinde
953 2467 1107 2499 iscalmec
1133 2476 1156 2501 t.
1185 2471 1224 2502 A,
1253 2475 1276 2502 1,
1317 2478 1349 2501 a.
1383 2478 1415 2500 n.
1443 2468 1463 2500 i.
1492 2478 1520 2501 c,
1556 2465 1630 2499 CR:

229 2526 376 2568 Iurgium
405 2527 483 2558 hinc
515 2526 699 2558 auferas
738 2525 844 2560 Plaut.
896 2525 976 2557 Pers
1003 2528 1034 2560 5.
1061 2525 1092 2560 2.
1121 2527 1171 2559 18.
1199 2544 1234 2548 —
1267 2523 1332 2557 Cor
1357 2523 1516 2556 acerbum
1544 2534 1630 2555 con-

229 2584 375 2617 tundere
402 2590 436 2616 et
470 2585 778 2625 comprimere.
829 2584 941 2616 Attius
970 2583 1002 2615 in
1030 2582 1150 2626 fragm,
1187 2582 1294 2617 Atrei.
1322 2580 1632 2624 Comprimero

232 2647 343 2673 motus
371 2641 442 2673 Liv.
471 2643 499 2676 1.
523 2643 578 2675 60.
