1856 3027
149 434 216 475 97.

148 501 216 544 98.

150 572 217 614 99.

238 114 293 156 4ss

238 220 357 260 Haec
398 218 526 259 habes
558 216 829 272 Neoptolemi
871 216 1035 257 Attiani
1077 216 1338 271 fragmenta,
1382 233 1562 272 quorum
1596 219 1636 258 in

239 289 479 345 quaerendo
510 287 675 328 fabulae
706 289 957 342 argumento
991 287 1099 327 ratio
1132 286 1323 327 habenda
1359 287 1451 328 fuit.
1516 288 1637 338 Quae

239 361 348 401 cuim
380 360 550 413 insuper
584 360 750 397 servata
781 360 898 397 sunt:

357 429 487 471 XIII.
530 428 672 480 Atque
704 441 784 481 ego
816 442 888 481 rep
914 461 921 467 .
947 460 954 467 .

356 498 482 540 XIV.
529 496 613 538 Sed
645 497 726 536 iam
749 511 828 550 pro
854 530 860 537 .
887 530 894 537 .
921 531 927 537 .
956 530 962 537 .
995 499 1057 536 tes
1085 495 1218 536 salum

357 568 462 610 XV.
507 566 592 607 Sed
623 565 826 620 quosdam

243 639 395 681 nullius
428 637 619 684 omnino,
654 638 702 677 ut
733 635 872 684 vides,
907 638 1005 675 sunt
1037 635 1252 676 momenti.

504 950 586 992 ΙΙΙ.
649 947 1383 992 PHILOCTETES.

364 1057 432 1100 Cf.
466 1057 675 1098 Diintzer.
710 1056 751 1095 in
774 1054 1104 1095 Zimmermanni
1128 1053 1375 1095 Zeitschrift
1406 1054 1434 1094 f.
1459 1053 1643 1096 Alt-W.

252 1128 361 1171 1838
401 1128 483 1169 No.
526 1126 553 1168 4
598 1141 659 1180 sq.
720 1124 936 1167 WVelcker.
978 1125 1020 1164 in
1062 1125 1177 1166 Mus.
1222 1124 1302 1166 Rh.
1335 1125 1374 1166 5.
1406 1123 1572 1179 (1837.)
1602 1140 1643 1179 p.

245 1198 330 1241 466
361 1213 422 1252 sq.
483 1196 721 1238 Hermanni
752 1210 851 1250 opp.
886 1194 924 1236 3.
958 1210 998 1249 p.
1037 1194 1116 1235 115
1149 1209 1210 1248 sq.

362 1280 509 1322 Prima
539 1279 623 1318 iam
653 1276 993 1331 fragmentorum
1024 1276 1230 1331 inspectio
1258 1276 1395 1323 docet,
1428 1291 1646 1332 argumen-

247 1356 339 1393 tum
370 1350 481 1391 Attii
511 1348 776 1391 Philoctetae
806 1346 917 1386 idem
949 1345 1079 1386 fuisse
1111 1360 1158 1386 ac
1191 1344 1451 1400 Sophocleae
1481 1345 1648 1387 fabulae

248 1420 510 1477 cognominis
550 1432 686 1472 neque
727 1431 828 1457 vero
859 1415 1145 1457 Philoctetam
1186 1416 1229 1455 in
1258 1416 1400 1457 Troia.
1462 1416 1649 1457 Exstite-

248 1493 349 1532 runt
400 1492 542 1530 autem
592 1486 780 1528 eiusdem
831 1485 1071 1540 argumenti
1112 1486 1225 1539 apud
1271 1485 1458 1527 Graecos
1508 1486 1649 1541 plures

248 1560 515 1616 tragoediae‚
549 1571 728 1611 quarum
758 1555 1085 1610 (Antiphontis),
1117 1554 1341 1599 Philoclis,
1381 1555 1650 1596 Theodec-tae

248 1631 513 1675 omittentes,
565 1627 617 1667 de
660 1625 813 1680 quibus
865 1625 936 1665 vix
973 1624 1069 1679 plus
1126 1628 1391 1679 compertum
1432 1625 1649 1673 habemus,

250 1715 377 1755 quam
408 1712 584 1745 nomen,
626 1696 680 1736 ad
721 1698 807 1736 tres
848 1694 939 1734 illas
980 1694 1220 1749 principum
1259 1694 1423 1735 fabulas
1464 1695 1651 1735 animum

250 1770 521 1811 advertemus
552 1769 621 1815 ut,
665 1765 780 1819 quod
812 1764 865 1806 ad
905 1764 1157 1804 imitandum
1190 1764 1268 1805 sibi
1312 1764 1528 1819 exemplar
1556 1780 1651 1820 pro-

250 1839 442 1896 posuerit
471 1837 641 1884 Attius,
675 1849 896 1890 quousque
926 1834 1046 1882 licet,
1079 1834 1395 1889 investigemus,

367 1921 512 1973 Atque
548 1918 615 1958 hic
664 1916 910 1957 facillimum
949 1917 1014 1955 est
1054 1915 1106 1955 de
1146 1914 1358 1970 Sophocle
1408 1915 1651 1963 diiudicare,

253 1991 371 2032 euius
401 1991 494 2030 tota
531 1989 724 2043 superest
754 1984 987 2040 tragoedia.
1049 1984 1192 2025 Huius
1234 1985 1343 2025 enim
1385 1984 1437 2025 ab
1479 1985 1653 2025 adorna-

253 2061 368 2101 tione
399 2059 606 2113 quantum
645 2055 781 2097 nostri
822 2054 1062 2109 fragmenta
1102 2054 1375 2103 dissentiant,
1415 2040 1540 2095 nemo
1568 2069 1654 2095 non

253 2129 382 2171 videt.
444 2126 645 2182 Aeschyli
675 2127 817 2166 autem
848 2126 891 2165 et
919 2123 1139 2178 Euripidis
1179 2124 1424 2177 tragoediae
1462 2124 1654 2177 quamvis

374 2313 441 2346 Xlll
481 2318 514 2345 et
549 2312 630 2347 XlV.
665 2312 754 2347 cht,
792 2323 822 2354 μ.
861 2314 939 2345 273.
994 2312 1095 2342 Hales
1130 2312 1208 2342 ivlm
1245 2331 1260 2336 -
1297 2331 1314 2336 -
1347 2309 1480 2351 [eodem
1512 2312 1655 2342 navium

257 2373 366 2417 sigui]
391 2370 545 2417 ficaria!
587 2371 690 2402 elium
730 2383 765 2401 re
803 2370 895 2411 [rums
925 2370 1035 2400 Aetius
1062 2370 1097 2400 in
1127 2368 1280 2410 Aeolum]
1307 2369 1413 2402 lemn:
1453 2372 1564 2413 Atque
1591 2379 1655 2410 ego

259 2444 295 2464 re
322 2429 495 2474 [percutio
522 2429 658 2460 ratibus
682 2427 794 2470 mare]
827 2435 857 2459 et
891 2428 962 2459 alio
991 2427 1088 2458 loco:
1121 2425 1191 2460 Setl
1214 2428 1282 2458 inm
1305 2438 1374 2470 pro
1411 2425 1555 2470 [pellunt
1581 2436 1657 2457 cae-

261 2489 390 2521 ruleum
417 2486 474 2528 ra]
501 2494 550 2518 tes
575 2487 696 2520 salum.
719 2505 758 2510 —
790 2485 885 2525 „llos
910 2485 991 2518 Attii
1017 2495 1134 2517 versus
1149 2484 1303 2527 Scaliger
1330 2489 1362 2515 et
1387 2484 1496 2518 Ursin.
1524 2493 1543 2516 e
1568 2483 1656 2515 coni.

260 2546 354 2579 nullo
381 2545 448 2577 alio
475 2544 627 2576 subsidio
655 2544 904 2586 cxplevcrmw‘
930 2543 1071 2575 Mueller

380 2614 449 2649 XV.
486 2614 587 2649 Prisc.
617 2614 669 2648 13.
696 2615 728 2648 3.
760 2613 812 2649 13.
840 2624 870 2656 p.
898 2615 976 2647 567.
1028 2614 1274 2644 Accusaetmun
1301 2614 1402 2644 etium
1436 2622 1542 2657 quac,
1571 2621 1658 2654 quas

262 2675 318 2706 vel
342 2686 423 2719 (sues
449 2693 466 2699 -
493 2693 511 2698 —
541 2674 653 2704 Altius
678 2673 714 2703 ιἰι
743 2671 985 2709 Neoptolemo:
1018 2688 1122 2702 —-—.
