1856 3027
256 118 282 159 6

252 222 404 263 reddat
434 221 487 263 ad
510 222 620 263 viam
641 223 888 278 tragoediae
909 223 1219 278 exsequendam
1242 237 1318 264 sua
1344 223 1433 264 fata
1463 225 1651 279 exponit.

251 290 449 332 Miserias
480 307 580 333 suas
609 306 870 346 conquerens
902 293 1026 334 dicit:

220 395 227 403 .
366 361 402 403 I.
434 387 490 392 —d
521 361 662 403 Flucti
694 361 858 403 cruoris
889 361 1120 404 volvuntur
1151 361 1266 404 mihi.

249 429 311 472 Et
340 430 482 486 paullo
513 433 634 485 post:

365 500 425 542 Π.
472 499 583 540 Nam
614 501 649 540 is
688 499 861 541 demum
892 500 1019 541 miser
1059 503 1148 549 est,
1190 499 1310 542 euius
1350 499 1549 543 nobilitas
1581 501 1654 542 mi-

675 570 805 610 serias

460 637 683 680 Nobilitat.
715 664 771 672 --

251 706 338 750 Sed
360 708 578 749 oraculum
599 707 728 750 habet
757 705 797 762 (ὃ
822 707 986 762 τρώσας
1013 707 1186 750 ἰάσεται.
1220 706 1363 750 Schol.
1381 708 1515 751 Arist.
1537 707 1653 751 Nub.

250 777 366 831 921),
397 778 463 818 cui
494 778 690 819 confidit:

363 847 446 889 III.
485 847 572 889 Pro
594 850 712 889 certo
733 846 976 888 arbitrabor
994 848 1121 888 sortis
1144 846 1283 888 oracla
1299 847 1454 902 adytus
1476 846 1654 902 augura.

365 916 436 958 Ad
457 917 618 958 nodum
647 916 829 966 fabulae,
862 917 934 970 qui
956 916 1132 965 dicitur,
1164 917 1418 958 nectendum
1448 917 1491 958 in
1511 918 1655 972 priore

247 988 371 1042 parte
402 987 660 1041 colloquium
690 987 801 1027 inter
828 986 1065 1041 Telephum
1094 988 1136 1027 et
1166 985 1554 1041 Clytaemnestram
1582 1002 1656 1043 po-

250 1056 380 1098 situm
411 1057 466 1097 sit
495 1070 664 1097 necesse
695 1058 774 1098 est.
820 1055 941 1096 Haeo
970 1055 1082 1096 illius
1111 1055 1422 1097 calamitatibus
1460 1056 1515 1097 ad
1535 1057 1656 1098 mise-

247 1126 477 1168 ricordiam
508 1126 693 1167 adducta
724 1128 766 1166 et
795 1126 859 1166 ira
889 1126 1067 1182 propter
1095 1124 1361 1180 Iphigeniam
1391 1125 1654 1168 immolatam

248 1198 445 1252 permota
467 1195 671 1236 auxilium
700 1194 760 1235 illi
786 1195 1015 1250 promittit.
1064 1193 1301 1236 Consilium
1331 1195 1443 1237 inter
1474 1211 1518 1237 se
1544 1211 1656 1237 com·

249 1266 465 1307 municant
504 1265 871 1320 Agamemnonem
901 1267 1031 1320 raptu
1062 1262 1231 1306 Orestis
1264 1265 1465 1320 cogendi,
1497 1268 1546 1307 ut
1575 1265 1652 1307 Te-

247 1335 363 1391 lephi
392 1335 605 1376 voluntati
636 1334 925 1390 obtemperet.

247 1405 301 1447 In
331 1419 497 1446 scenam
530 1404 627 1446 dein
654 1404 911 1460 processerit
938 1402 1106 1452 chorus,
1139 1403 1206 1445 cuj
1232 1403 1354 1445 facile
1379 1403 1653 1446 tribuuntur:

363 1474 443 1517 IV.
489 1474 581 1515 Iam
612 1474 698 1515 iam
729 1473 902 1529 stupido
932 1472 1141 1515 Thessala
1172 1488 1323 1515 somno

486 1542 672 1586 Pectora
701 1543 991 1599 languentque
1021 1542 1267 1597 senentque.

246 1612 431 1670 Excepit
474 1612 593 1654 chori
638 1627 809 1655 carmen
853 1628 998 1663 scena,
1044 1612 1162 1654 cuius
1210 1612 1333 1654 initio
1387 1612 1654 1655 Graecorum

248 1682 380 1725 duces
401 1683 573 1725 tesseris
593 1682 789 1724 ludentes
811 1681 1179 1739 conspiciebantur
1207 1683 1377 1738 (Eurip.
1406 1681 1497 1725 Tel.
1520 1681 1572 1725 fr.
1595 1682 1658 1737 3.)

370 1857 396 1892 l.
430 1856 518 1892 Non.
540 1867 574 1900 p.
598 1859 680 1893 488.
709 1858 761 1893 11.
812 1859 930 1891 Flacci
958 1870 1025 1903 pro
1047 1857 1201 1901 fluctus.
1252 1859 1377 1890 Accius
1405 1855 1598 1900 Telefoes
1624 1869 1655 1891 c.

248 1917 430 1949 volverunt
457 1929 500 1950 m,
527 1916 782 1957 (volverentur
813 1927 844 1948 m
872 1915 910 1951 L.
939 1916 1048 1959 princ.
1075 1933 1117 1938 —-
1144 1916 1328 1948 volverent
1354 1916 1383 1947 A
1409 1914 1462 1956 I.)
1486 1914 1548 1950 CK:
1583 1914 1654 1947 La-

250 1975 377 2007 crimae
404 1974 648 2006 volvuntur
673 1975 802 2008 inanes,
831 1973 923 2017 Virg.
949 1973 1012 2006 Ae.
1037 1975 1069 2007 4.
1096 1974 1174 2007 449.

368 2031 406 2066 ll.
440 2031 527 2066 Non.
554 2043 586 2074 p.
613 2033 692 2066 352.
719 2033 753 2066 8.
804 2031 938 2064 Nobilis
964 2030 1096 2063 dicitur
1129 2038 1160 2062 et
1187 2038 1293 2062 notus
1316 2047 1332 2055 -
1356 2047 1370 2055 -
1400 2029 1499 2063 Unde
1531 2038 1565 2062 et
1589 2042 1655 2062 no-

251 2090 429 2128 bilitarent
459 2089 691 2135 notificarent
708 2088 839 2121 dictum
858 2097 920 2122 est.
947 2106 961 2113 -
987 2106 1003 2114 —
1032 2089 1156 2120 Accius
1177 2087 1350 2131 Telepho:
1375 2101 1422 2120 na
1447 2088 1500 2120 his
1518 2087 1654 2120 demum

251 2149 412 2186 miser-cr,
448 2148 545 2179 cuius
571 2146 738 2179 nobilitas
768 2148 926 2178 miserias
953 2145 1126 2178 Nobilicat
1152 2145 1334 2189 (teleplzoe
1360 2157 1441 2178 nam
1467 2147 1495 2177 is
1521 2144 1656 2178 demum

251 2207 355 2237 miser·
398 2213 447 2237 esc
494 2204 598 2245 edd.)
654 2204 803 2247 Telepho
851 2205 1010 2237 miseriae
1052 2213 1094 2235 eo
1137 2202 1354 2235 molestiores
1395 2204 1497 2235 etiam
1545 2208 1656 2242 erant,

252 2263 364 2306 quod,
399 2273 503 2306 quum
530 2263 605 2305 ipse
638 2267 730 2295 esset
763 2262 909 2302 nobilis,
947 2272 1009 2304 per
1034 2262 1231 2293 universum
1257 2260 1474 2294 Teuthrantis
1509 2271 1654 2304 regnum

252 2322 483 2352 innotuerant.

368 2377 424 2410 Ill.
459 2378 546 2413 Non.
571 2388 602 2420 p.
631 2379 711 2412 488.
735 2379 767 2412 3.
806 2382 954 2420 Augura
977 2389 1044 2421 pro
1071 2378 1225 2418 auguria
1252 2377 1376 2408 Accius
1401 2374 1536 2420 Teleso:
1565 2393 1654 2399 —---

253 2433 408 2480 (Teloso
434 2435 516 2475 W.)
566 2435 614 2467 lta
642 2436 744 2467 etiam
771 2435 970 2478 aplustra
996 2435 1170 2467 invenitur
1195 2444 1256 2476 pro
1285 2433 1522 2476 aplustria.

367 2492 424 2525 lV.
454 2492 556 2528 Prisc.
586 2493 629 2525 de
659 2498 760 2529 metr.
787 2492 862 2527 Ter.
889 2492 943 2526 10.
970 2494 1002 2527 3.
1027 2494 1083 2527 20.
1103 2512 1121 2518 -
1148 2512 1167 2519 -
1185 2503 1285 2523 seneo
1311 2492 1492 2523 invenitur
1514 2492 1551 2522 in
1576 2502 1653 2525 usu.

253 2551 369 2582 Attius
389 2551 426 2582 in
454 2551 625 2595 Telepho:
645 2569 753 2584 ——.
781 2550 922 2583 Pectora
948 2549 1107 2583 Thessala
1133 2555 1211 2581 sunt
1236 2548 1377 2581 Achillis
1410 2547 1652 2590 Myrmidones,

251 2618 394 2649 quorum
421 2608 502 2640 urbs
530 2609 638 2650 patria
657 2607 777 2640 Phthia
804 2609 866 2640 sita
895 2613 947 2640 est
971 2609 1004 2640 in
1033 2606 1213 2640 Thessalia.
1236 2605 1362 2642 -Cf.:
1382 2605 1512 2649 Corpus
1538 2616 1651 2638 meum

252 2664 311 2697 tali
337 2675 501 2705 maerore,
531 2676 667 2705 errore,
695 2675 832 2698 macore
857 2671 995 2701 senet.
1044 2665 1169 2701 Pacuv.
1195 2675 1248 2707 ap.
1275 2664 1360 2699 Non.
1389 2665 1464 2698 ¹37.
1492 2666 1522 2698 1.
