1856 3027
151 2288 217 2332 18.

231 76 293 142 '14

236 205 329 252 rat3
368 202 462 244 finis
495 205 637 244 autem
666 203 913 259 tragoediae
942 204 1241 259 imponebatur
1281 207 1419 246 morte
1448 203 1639 247 Patrocli

237 276 280 313 et
309 271 484 313 Achillis
514 276 613 327 post
644 272 807 313 luctum
829 273 1066 314 vehementi
1099 288 1318 314 armorum
1348 275 1636 328 requisitione.

238 341 368 393 Quod
411 345 709 396 argumentum
752 356 882 395 quum
914 357 966 382 ex
996 342 1176 384 Homeri
1209 344 1340 384 Iliade
1382 343 1437 384 sit
1473 344 1638 384 notissi-

238 426 374 460 mum,
428 410 666 452 accuratius
718 410 784 451 hic
838 425 1035 452 enarrare
1076 412 1272 455 nolimus.
1334 411 1514 454 Scenam
1569 427 1636 467 ap.

239 480 329 522 Cic.
372 480 498 522 Tusc.
541 479 580 521 2.
629 478 694 522 16.
742 478 798 520 38
835 479 946 521 inter
986 480 1256 536 Eurypylum
1308 484 1350 522 et
1389 481 1638 523 Patroclum

238 550 534 591 Hermannum
564 563 791 605 perperam
821 547 903 589 huc
940 550 1144 598 traxisse,
1183 550 1226 591 in
1258 565 1440 591 excursu
1471 548 1639 591 demon-

238 618 482 660 strabimus.

354 688 616 742 Fragmenta
645 685 770 735 Attii,
803 701 911 741 quae
941 701 993 727 ex
1019 686 1366 742 lllyrmidonibus
1398 691 1638 743 supersunt,

239 758 382 799 omnia
411 757 499 797 fere
520 756 669 811 procul
701 755 832 797 dubio
864 771 915 797 ex
936 756 1113 797 Achillis
1144 760 1186 797 et
1217 757 1458 812 legatorum
1485 758 1639 798 oratio-

238 826 361 868 nibus
392 825 648 881 deprompta
680 828 792 867 sunt.
852 825 985 881 Apud
1015 825 1257 866 Homerum
1288 825 1413 875 Aiax,
1445 826 1640 868 Phoenix

239 899 281 938 et
320 895 470 937 Ulixes
517 895 766 949 delegantur
806 895 860 935 ad
901 895 1110 936 Achillem
1156 894 1433 950 placandum3
1491 895 1639 936 Attius

237 965 514 1008 Antilochum
546 978 714 1018 quoque
745 962 940 1004 Nestoris
975 964 1131 1012 filium,
1179 964 1251 1018 qui
1280 964 1434 1005 Achilli
1464 964 1545 1006 fuit
1576 980 1640 1006 ca-

237 1036 451 1084 rissimus,
513 1034 703 1089 legatum
752 1033 932 1075 induxit.
997 1032 1211 1074 Credibile
1249 1036 1336 1082 est,
1383 1033 1639 1075 Phoenicem

239 1106 368 1147 etiam
398 1105 441 1145 in
477 1104 630 1158 legatis
660 1102 809 1151 fuisse;
842 1101 1018 1143 Aiacem
1047 1102 1099 1144 fr.
1132 1103 1205 1143 IX
1236 1103 1338 1143 mihi
1368 1103 1554 1143 indicare
1583 1103 1640 1144 vi-

238 1175 387 1223 detur3
430 1173 504 1214 sed
544 1188 646 1213 num
667 1171 817 1213 Ulixes
858 1171 1038 1221 affuerit,
1072 1171 1249 1213 dubium
1272 1174 1359 1221 est3
1392 1172 1463 1213 vix
1493 1174 1639 1212 tamen

238 1245 487 1293 credideris,
528 1245 714 1297 quatuor
751 1241 882 1282 fuisse
918 1241 1095 1297 legatos.
1160 1240 1340 1282 Scenam
1380 1241 1435 1282 ad
1464 1240 1642 1282 Achillis

237 1315 470 1356 tentorium
511 1312 641 1353 fuisse
672 1314 715 1352 et
755 1310 931 1352 chorum
963 1325 985 1351 e
1014 1309 1361 1366 RIyrmidonibus
1400 1309 1641 1351 constitisse

237 1384 308 1425 vix
348 1382 479 1424 verbo
519 1381 756 1423 monuerim
806 1394 974 1421 necesse
1015 1382 1092 1422 est.
1144 1379 1367 1428 Achillem,
1416 1379 1533 1434 quod
1569 1394 1640 1420 no-

237 1469 333 1495 men
365 1468 493 1508 quam
524 1454 623 1508 apte
652 1450 750 1491 huic
790 1449 1037 1504 tragoediae
1069 1449 1291 1490 conveniat
1311 1463 1436 1490 nemo
1468 1463 1554 1490 non
1584 1448 1642 1489 vi-

238 1524 333 1573 det,
378 1538 509 1577 quum
539 1535 676 1577 pauca
717 1520 805 1560 eius
836 1518 1079 1574 fragmenta
1108 1518 1229 1572 (tria)
1260 1518 1431 1559 omnino
1470 1516 1553 1558 huc
1583 1516 1641 1558 fa-

237 1607 331 1634 cere
361 1593 604 1640 videantur,
638 1589 815 1631 eandem
845 1587 1035 1629 fabulam
1064 1590 1279 1643 putamus.

354 1661 555 1716 Aeschyli
586 1662 629 1701 et
658 1659 771 1700 Attii
801 1657 1097 1713 Myrmidones
1127 1657 1294 1697 initium
1326 1657 1485 1712 cepisse
1508 1671 1532 1696 a
1554 1670 1642 1697 car-

239 1733 351 1773 mine
380 1730 510 1779 chori,
541 1730 613 1784 qui
633 1728 810 1770 Achillis
841 1727 1046 1768 incuriam
1073 1726 1341 1781 vituperarit,
1373 1727 1535 1766 certum
1556 1740 1641 1766 non

239 1801 483 1849 habuerim,
527 1814 658 1854 quum
687 1796 840 1839 Aesch.
873 1796 925 1838 fr.
963 1795 1043 1838 122
1075 1798 1118 1836 et
1162 1795 1242 1836 125
1274 1795 1442 1849 (Dind.)
1480 1795 1640 1850 optime

241 1887 266 1913 a
305 1871 458 1926 legatis
501 1869 583 1910 dici
622 1867 854 1923 potuerint.
916 1865 1142 1906 Inveniunt
1173 1865 1288 1920 apud
1317 1864 1557 1906 Homerum
1586 1863 1640 1905 le-

239 1941 331 1997 gati
360 1939 568 1981 Achillem
600 1940 697 1978 ante
727 1935 959 1977 tentorium
1000 1934 1129 1989 φρὲνα
1171 1932 1420 1987 τερπόμενον
1461 1931 1639 1987 φόρμιγγι

238 2011 377 2064 λιγείῃ.
436 2009 632 2050 Primum
662 2005 792 2048 verba
821 2004 970 2045 fecisse
999 2003 1275 2045 Antilochum
1305 2001 1529 2043 verisimile
1560 2003 1637 2043 est.

239 2079 482 2128 Monuerit,
528 2076 704 2119 Achillis
744 2075 934 2115 inimicos
973 2086 1254 2129 persuasuros
1294 2085 1384 2112 esse
1422 2070 1637 2120 exercitui,

239 2150 410 2205 ignavia
432 2163 527 2189 eum
557 2145 751 2194 retineri3
782 2144 892 2184 hanc
913 2142 1247 2184 criminationem
1274 2140 1414 2182 reditu
1443 2140 1487 2180 in
1507 2139 1639 2181 aciem

240 2218 524 2275 repellendam
555 2230 645 2257 esse
674 2214 893 2255 hortatur:

357 2288 392 2330 1.
437 2285 539 2338 Qua
569 2300 615 2327 re
647 2284 726 2326 alia
756 2298 808 2324 ex
839 2281 1011 2323 crimine
1034 2280 1300 2321 inimicorum
1332 2278 1516 2334 effugere
1545 2291 1640 2333 pos-

661 2354 717 2394 sis
749 2351 894 2394 delica.

336 2531 359 2566 1,
395 2530 482 2566 Non,
509 2540 539 2572 p.
566 2531 620 2564 98,
649 2529 683 2564 5.
730 2527 870 2565 Delion,
896 2526 1044 2569 explana
1061 2549 1069 2564 ,
1096 2523 1226 2558 indica,
1281 2523 1404 2553 Accius
1428 2520 1578 2552 Achille:
1605 2533 1637 2565 q,

243 2603 272 2626 r,
298 2590 388 2621 aliae
413 2601 440 2623 e.
467 2599 496 2622 c,
523 2590 544 2622 ι’,
571 2585 628 2630 ff
653 2599 688 2628 p.
715 2584 779 2620 del,
807 2584 900 2626 [alia
927 2583 1003 2618 edd.
1031 2599 1073 2605 -
1101 2594 1142 2613 ex
1169 2591 1235 2613 om.
1265 2579 1322 2619 M.)
1361 2578 1408 2612 ld.
1434 2588 1465 2620 p,
1484 2578 1563 2611 277.
1581 2579 1639 2611 29.

244 2647 365 2679 Delion
391 2653 440 2677 est
468 2646 570 2688 aperi
590 2651 621 2674 et
648 2642 797 2687 explana
822 2658 837 2665 -
863 2658 877 2665 -
905 2641 1029 2672 Accius
1056 2640 1092 2669 ιἰι
1118 2638 1269 2670 Achille.-
1296 2653 1384 2658 ———
1412 2635 1518 2674 [alias
1542 2632 1581 2668 Β.
1600 2651 1638 2656 -
