1846 3136
221 429 498 472 Editiones
537 427 877 482 scriptorum,
919 427 1006 480 qui
1043 425 1347 481 fragmenta
1395 428 1620 469 Attiana

307 510 670 556 servaverunt,
732 505 1004 548 adhibitae
1062 510 1181 548 sunt
1238 507 1348 555 hae,
1407 521 1532 561 quas

335 590 590 647 inspicias
621 589 681 630 de
713 587 960 643 siglorum
999 587 1501 644 significationibus,

220 705 257 742 L.
290 705 473 750 Apuleii
504 717 606 749 opera
634 705 685 741 ed.
712 704 934 740 llildebrand.
961 703 1095 748 Lipsiae
1125 706 1223 740 1842.

219 763 486 798 Censorinus
513 764 555 797 de
575 764 700 798 metris.
737 762 798 797 Ed.
826 764 859 794 in
879 762 1026 795 Putschii
1053 762 1205 805 Corpore
1224 760 1408 797 Grammat.
1431 767 1515 797 vett.
1533 761 1620 797 Latt.

218 820 366 854 Flavii
400 821 623 864 Sosipatri
659 819 852 853 Charisii
889 819 1124 853 Institutiones
1157 820 1414 864 grammaticae.
1464 818 1499 851 ln
1527 820 1617 852 Put-

361 877 446 911 schii
473 877 638 922 Corpore.

219 936 260 973 M.
293 935 434 968 Tullii
462 934 703 969 Ciceronis
729 946 807 979 opp.
836 935 890 971 ed.
920 935 968 969 lo.
995 934 1032 971 C.
1059 933 1207 967 Orellius
1233 934 1343 967 Turici
1381 937 1469 970 1826
1497 953 1541 960 -—
1566 937 1621 970 38.

221 993 433 1027 Cledonii
475 995 644 1026 senatoris
697 993 845 1027 Romani
896 992 1270 1035 Constantinopolitani
1327 994 1542 1036 grammatici
1588 995 1621 1025 in

362 1050 487 1084 Donati
514 1057 620 1084 artem
647 1052 790 1094 primam
818 1056 852 1083 et
876 1050 1062 1083 secundam
1091 1052 1274 1094 expositio.
1324 1049 1386 1086 Ed.
1412 1051 1446 1083 in
1473 1051 1622 1083 Putschii

363 1107 528 1151 Corpore.

221 1167 370 1201 Terentii
404 1176 492 1202 com.
528 1177 590 1199 sex
631 1177 706 1200 cum
740 1166 1026 1209 interpretatione
1066 1165 1233 1199 Donati
1274 1171 1309 1199 et
1353 1165 1622 1209 Calphurnii

365 1225 417 1260 ed,
444 1224 715 1260 Westerhovius.
764 1223 826 1260 Ed,
853 1230 994 1257 curante
1019 1223 1218 1256 Stallbaum.
1245 1223 1378 1268 Lipsiae
1404 1222 1506 1259 1830.

224 1282 434 1325 Eutychii
464 1282 677 1326 grammatici
704 1281 747 1314 de
777 1281 1010 1314 discernendis
1034 1281 1334 1325 coniugationibus
1362 1281 1450 1317 libri.
1499 1281 1561 1318 Ed.
1589 1283 1624 1315 in

363 1339 591 1373 Lindemanni
617 1338 718 1382 Corp.
744 1337 942 1372 Grammatt.
969 1344 1051 1375 vett,
1078 1339 1162 1375 Latt‚

223 1397 347 1432 Sexti
377 1397 576 1440 Pompeii
602 1397 728 1430 Festi
757 1397 800 1430 de
834 1397 1016 1430 verborum
1052 1397 1303 1439 significatione
1329 1408 1420 1441 quae
1444 1404 1626 1441 supersunt

364 1466 440 1488 cum
476 1455 601 1488 Pauli
639 1456 791 1497 epitome
815 1455 867 1491 ed.
895 1453 931 1491 C.
958 1453 1153 1487 odofredus
1182 1454 1336 1490 Mueller.
1363 1454 1495 1498 Lipsiae
1521 1457 1624 1492 1839.

222 1513 264 1550 Α.
299 1512 434 1546 Gellii
464 1519 583 1546 noctes
607 1512 744 1546 Atticae
769 1513 822 1548 ed.
848 1512 927 1548 Alb.
956 1512 1050 1547 Lion.
1082 1511 1266 1556 Gottingae
1292 1514 1393 1548 1824.

223 1571 380 1604 Velius
404 1570 577 1615 Longus
603 1571 646 1604 de
671 1570 923 1614 orthographia.
973 1569 1011 1602 In
1037 1570 1186 1603 Putschii
1213 1570 1377 1614 Corpore.

225 1629 323 1665 Aur.
356 1628 574 1664 Theodos.
614 1628 842 1662 Macrobii
881 1638 998 1670 opera.
1047 1627 1110 1663 Ed.
1136 1627 1276 1670 Biponti
1313 1630 1412 1663 1788.
1462 1627 1626 1661 Eiusdem

365 1686 409 1719 de
435 1686 637 1719 differentiis
664 1692 698 1718 et
722 1686 944 1719 societatibus
963 1685 1085 1719 Graeci
1101 1685 1283 1730 Latinique
1300 1687 1398 1719 verbi
1420 1685 1556 1719 libellus
1572 1686 1626 1722 ed.

366 1745 402 1777 in
426 1744 576 1778 Putschii
602 1743 771 1787 Corpore.

225 1801 358 1835 Nonii
382 1801 584 1835 Marcelli
616 1802 840 1845 Peripatetici
865 1801 1108 1834 Tiburticensis
1127 1801 1170 1834 de
1200 1802 1446 1844 compendiosa
1470 1802 1627 1836 doctrina

365 1869 427 1903 per
451 1859 583 1892 litteras
604 1860 647 1892 ad
672 1860 779 1892 filium
801 1865 881 1893 cett.
914 1859 1105 1892 Ediderunt
1128 1858 1182 1895 Fr.
1208 1859 1291 1896 Dor.
1317 1858 1472 1896 Gerlach.
1498 1865 1532 1893 et
1550 1858 1627 1896 Car.

367 1916 448 1953 Lud.
476 1917 577 1953 Roth.
603 1916 754 1950 Basiliae
780 1918 881 1953 1842.

227 1974 455 2008 Prisciani
490 1973 723 2008 Caesariensis
756 1985 873 2018 opera.
911 1974 974 2011 Ed.
999 1975 1087 2019 Aug.
1114 1974 1228 2011 Krehl.
1266 1974 1400 2018 Lipsiae
1433 1976 1630 2012 1819-20,

227 2032 270 2069 M.
302 2032 433 2066 Fabii
468 2031 778 2073 Quinctiliani
815 2033 858 2066 de
893 2034 1109 2066 institutione
1150 2034 1301 2066 oratoria
1334 2039 1399 2069 etc.
1439 2033 1492 2070 ed.
1525 2032 1563 2069 G.
1593 2032 1628 2070 L.

369 2090 552 2134 Spalding.
577 2090 711 2134 Lipsiae
738 2092 829 2125 1798
853 2102 907 2135 sq.

229 2148 386 2182 Rufini
412 2149 679 2182 commentarius
705 2149 738 2181 in
763 2154 870 2182 metra
895 2148 1115 2189 Terentiana3
1149 2149 1202 2181 ed.
1229 2149 1264 2181 in
1289 2148 1439 2182 Putschii
1464 2147 1627 2192 Corpore.

230 2205 478 2240 Commentarii
502 2206 538 2239 in
563 2206 744 2251 Virgilium
770 2206 985 2240 Serviani
1011 2207 1064 2240 ed.
1089 2207 1167 2242 Alb.
1193 2206 1290 2243 Lion.
1317 2206 1499 2250 Gottingae
1526 2207 1628 2241 1826.

229 2264 277 2300 M.
309 2263 508 2297 Terentii
540 2264 752 2298 Varronis
789 2264 832 2298 de
857 2264 976 2310 lingua
1000 2264 1106 2298 latina
1129 2264 1164 2300 11.
1192 2264 1244 2301 ed.
1275 2263 1312 2298 C.
1338 2263 1456 2300 Odofr.
1475 2263 1630 2300 Mueller.

233 2318 241 2324 “
370 2320 504 2364 Lipsiae
528 2321 630 2357 1833.

231 2377 359 2411 Marii
381 2378 611 2413 Victorini
638 2391 694 2413 ars
718 2381 955 2424 grammatica.
990 2379 1053 2416 Ed.
1080 2380 1115 2412 in
1143 2378 1295 2413 Putschii
1321 2378 1487 2424 Corpore.
