1856 3027
222 196 276 233 Vl.

222 320 323 352 mos
365 306 734 351 coniecturarum
775 310 989 349 auctores
1027 317 1119 348 non
1157 303 1490 361 nominavisse,
1529 318 1622 350 co-

223 375 373 433 gitare
408 373 557 431 velis,
602 380 692 418 tum
733 387 813 418 eas
863 372 1130 433 plerumque
1169 377 1258 416 tam
1307 370 1470 418 faciles
1511 387 1618 419 esse

222 449 270 489 ut
329 445 479 489 cuivis
537 457 588 489 se
651 441 870 498 offerant,
939 448 1030 486 tum
1093 441 1253 498 etiam,
1322 447 1493 486 textum
1550 456 1623 487 me

224 512 472 557 emendare
512 510 770 567 studuisse,
810 516 1054 570 antequam
1082 524 1241 555 omnes
1288 510 1493 555 virorum
1530 510 1623 556 do-

223 587 400 626 ctorum
451 582 743 626 coniecturas
777 581 984 624 noverIm
1026 578 1224 639 indeque
1273 593 1416 639 saepe
1452 578 1622 625 factum

224 665 332 696 esse
369 656 416 695 ut
451 651 639 695 inventa
679 650 769 693 iam
808 649 970 693 iterum
1009 648 1280 693 invenerim.

360 719 571 764 Alterum
608 719 894 778 propositum
933 716 1043 774 fuit,
1095 722 1142 761 ut
1178 717 1341 761 iustam
1380 715 1625 775 fragmen-

222 794 371 833 torum
407 787 757 845 intelligentiam
795 800 1123 846 consequerer.
1177 784 1330 840 Quare
1358 801 1450 831 non
1477 786 1624 833 solum

226 855 638 902 Grammaticorum
661 855 1000 916 explicationes
1022 854 1395 914 reliquorumque
1420 857 1626 916 scripto—

226 941 324 971 rum
372 931 661 982 contextum,
725 925 795 969 cui
847 925 1125 969 inseruerint
1172 922 1419 983 reliquias,
1468 925 1623 970 addidi

223 1020 282 1027 —
315 994 478 1055 quibus
510 994 695 1039 multum
726 1007 812 1038 nos
845 994 1113 1054 promoveri
1150 994 1301 1039 statim
1330 992 1514 1039 videbis
1537 1018 1620 1051 —,

225 1064 309 1110 sed
349 1066 485 1109 etiam
522 1062 654 1109 locos
701 1062 819 1108 alios
859 1063 1113 1119 arcessivi,
1162 1061 1325 1122 quihus
1364 1061 1623 1120 fragmenta

212 1132 499 1179 obscuriora
552 1132 827 1177 illustrarem
876 1137 951 1176 aut
994 1145 1142 1176 meam
1193 1131 1622 1191 interpretationem

223 1202 508 1248 adiuvarem.

362 1271 574 1332 Denique
621 1270 939 1316 necessarium
985 1268 1092 1326 fuit,
1141 1275 1188 1314 ut
1233 1276 1504 1327 argumenta
1544 1269 1623 1315 fa-

224 1340 430 1387 bularum
470 1354 603 1401 quam
641 1340 842 1384 maxima
889 1337 1215 1398 probabilitate
1256 1340 1623 1398 exquirerentur.

223 1409 323 1456 Hoc
359 1416 517 1456 votum
555 1415 602 1454 ut
639 1410 933 1468 impetrarem
971 1414 1157 1453 strenue
1204 1409 1413 1465 tragicos
1458 1412 1622 1468 poetas

225 1477 509 1525 Graecorum
549 1479 658 1536 adii,
696 1479 757 1522 ita
780 1482 827 1522 ut
864 1490 954 1521 non
985 1476 1132 1523 solum
1169 1474 1426 1522 fabularum
1455 1491 1625 1538 super-

225 1550 378 1595 stitum
417 1548 500 1594 sed
539 1549 676 1593 etIam
706 1545 1069 1602 fragmentorum
1098 1560 1158 1590 ex
1185 1546 1438 1606 deperditis
1475 1547 1625 1591 ratio-

223 1632 328 1663 nem
389 1623 608 1663 accurate
663 1614 897 1661 haberem.
972 1614 1203 1674 Quidquid
1248 1616 1369 1660 enim
1419 1614 1475 1660 de
1521 1614 1625 1660 Ro-

224 1701 463 1732 manorum
502 1687 683 1745 tragica
720 1685 854 1745 poesi
892 1684 993 1743 quis
1034 1686 1199 1742 sentit,
1238 1682 1326 1729 hoc
1364 1698 1500 1729 nemo
1539 1698 1622 1729 re-

223 1754 388 1802 futabit
455 1755 598 1813 longe
668 1755 890 1799 maiorem
967 1753 1314 1812 tragoediarum
1383 1767 1622 1798 numerum

226 1823 513 1871 Graecorum
551 1823 700 1870 fuisse
737 1823 1054 1869 imitationem.
1104 1821 1171 1868 Ita
1209 1820 1368 1867 Latina
1407 1836 1433 1867 e
1471 1820 1625 1867 Grae-

225 1896 323 1952 cis,
362 1893 542 1940 Graeca
582 1908 607 1939 e
643 1892 817 1938 Latinis
855 1890 1113 1949 fragmenta
1157 1897 1312 1936 mutuo
1348 1890 1499 1937 lucem
1538 1906 1625 1936 ac·-

226 1965 411 2024 cipiunt.
485 1962 571 2018 Qui
609 1963 742 2022 primi
788 1960 876 2006 hac
922 1963 968 2005 in
1012 1974 1063 2005 re
1111 1962 1249 2006 etiam
1294 1959 1415 2021 apud
1450 1958 1624 2006 Attium

226 2032 508 2093 aliquantum
558 2030 857 2092 profecerunt
901 2028 1179 2076 Welckerus
1226 2035 1271 2075 et
1334 2028 1623 2075 Hermannus

227 2108 355 2160 sunt,
410 2115 599 2162 quorum
638 2102 911 2161 opiniones,
958 2104 1005 2143 ut
1043 2104 1146 2144 sunt
1196 2098 1496 2144 doctissimae
1545 2099 1625 2143 in-

227 2172 709 2230 geniosissimaeque,
749 2168 996 2227 diligenter
1033 2181 1218 2228 semper
1254 2167 1458 2227 respexi.

364 2239 492 2285 Haec
554 2245 657 2285 sunt
707 2252 825 2299 quae
885 2238 1110 2297 spectavi.
1185 2234 1234 2283 Si
1282 2249 1622 2295 nonnumquam

225 2310 448 2370 peccavi,
487 2308 756 2354 condonare
792 2306 935 2363 velis,
977 2306 1126 2351 lector
1161 2304 1415 2363 benevole,
1450 2305 1624 2361 iuveni,

227 2392 403 2424 memor
439 2379 594 2438 operis
635 2375 948 2422 difficultatum
987 2381 1032 2420 et
1068 2375 1189 2421 illius
1229 2373 1469 2419 Ovidiani:

363 2445 420 2492 Ut
459 2446 607 2494 desint
642 2447 788 2503 vires,
827 2451 979 2490 tamen
1009 2450 1080 2490 est
1122 2443 1354 2490 laudanda
1391 2441 1622 2489 voluntas.
