1856 3027
122 209 191 251 86.

122 347 190 389 87.

124 556 193 599 88.

125 695 194 738 89.

125 905 195 947 90.

127 1253 195 1296 91.

214 102 271 143 44

337 207 394 249 11.
421 232 470 236 -
494 206 711 248 Decorare
743 211 807 248 est
838 207 971 248 satius
1003 208 1214 248 tumulum
1246 207 1407 250 taeniis.

215 275 429 317 Accedere
460 277 599 325 aiunt,
635 277 750 331 quod
780 277 864 317 iam
895 277 1161 332 Lycomedes

336 347 417 389 III.
701 346 790 388 Ubi
821 346 924 386 nihil

430 416 598 458 Contra
628 416 838 457 rationem
871 430 1052 469 aequam
1083 417 1234 457 habuit
1263 417 1451 458 adsensit
1483 417 1618 459 silens.

216 488 438 529 Persuasit
469 488 507 527 ei

332 558 411 600 IV.
437 582 488 586 —
512 555 721 597 Veritatis
751 556 814 596 vis
846 557 972 609 atque
1004 555 1170 598 auritas.

216 627 465 669 Deidamiae
496 625 686 679 querelas
718 625 936 665 audimus:

335 697 390 739 V.
440 695 525 738 Sed
557 694 683 748 quem
716 694 817 735 mihi
848 695 1046 749 iungent,
1090 695 1155 735 cui
1188 710 1294 749 quae
1334 709 1429 736 cum
1460 695 1532 737 illo
1562 695 1622 736 fu-

642 765 745 805 erim
777 764 984 820 dignabor
1014 764 1135 805 dari?

218 832 424 874 Eiusdem
457 833 586 876 verba
615 834 796 875 fuerint:

341 903 414 945 VI.
458 903 590 945 Haud
622 905 846 958 quisquam
877 905 991 959 potis
1023 908 1087 945 cst
1116 904 1296 945 tolerare
1328 904 1621 945 acritudinem.

219 972 339 1013 Dum
370 974 431 1014 ita
473 976 609 1015 mater
647 974 800 1014 malam
832 989 951 1014 suam
990 973 1206 1014 fortunam
1248 974 1454 1029 deplorat,
1495 974 1623 1029 legati

220 1046 365 1084 autem
406 1044 448 1084 in
479 1059 529 1085 eo
571 1046 669 1085 suut
711 1046 759 1084 ut
789 1043 1122 1099 Neoptolemum
1155 1043 1389 1092 abducant,
1432 1058 1622 1098 superve-

221 1114 331 1154 nerit
370 1114 651 1170 Lycomedes.
717 1112 852 1154 Cuius
899 1113 1043 1154 odium
1086 1113 1287 1154 adversus
1330 1112 1518 1155 Graecos
1560 1127 1623 1153 co-

219 1185 462 1239 gnoscimus
496 1199 548 1225 ex
580 1183 740 1225 verbis:

337 1254 437 1296 VII.
480 1253 615 1295 Dolet
645 1254 863 1309 pudetque
896 1252 1079 1295 Graium
1111 1268 1177 1294 me
1209 1257 1251 1294 et
1281 1252 1380 1294 vero
1412 1253 1542 1308 piget.

219 1323 554 1366 Vehementibus
585 1323 724 1365 verbis
757 1324 884 1364 duces
915 1323 1032 1364 iubet
1063 1322 1197 1372 abire,
1230 1322 1358 1363 alium
1392 1321 1471 1363 sibi
1502 1336 1623 1376 quae-

218 1408 334 1443 rere,
366 1397 597 1450 postquam
628 1393 899 1449 Neoptolemi
928 1395 1095 1449 patrem
1126 1392 1400 1448 perdiderint.
1462 1391 1552 1432 Illi:

337 1569 378 1605 ΙῙ,
413 1569 503 1605 Fesl.
540 1580 571 1611 p.
606 1571 684 1605 360,
736 1569 888 1602 ΤαιίιίαψΔ
925 1571 1095 1601 Graecum
1129 1580 1250 1600 vocem
1284 1570 1333 1600 sic
1366 1569 1625 1612 interpretatur

221 1628 363 1660 Verrius
390 1635 426 1659 ut
452 1625 549 1659 dicat
576 1634 818 1659 ornamentum
848 1639 916 1658 esse
948 1627 1084 1658 laneum
1112 1627 1238 1669 capitis
1272 1625 1444 1657 honorati
1467 1645 1484 1650 -
1512 1643 1530 1648 -
1560 1629 1624 1656 Ac-

221 1687 293 1718 cius
312 1686 348 1717 in
369 1685 618 1729 Neoptolemo:
648 1685 827 1717 Decorum
846 1692 894 1715 est
914 1685 1036 1723 satim,
1067 1696 1170 1729 (suam
1191 1683 1306 1715 urbem
1325 1684 1458 1715 exeneis
1483 1684 1625 1723 (taeniis

222 1744 298 1779 Ald,
327 1754 382 1786 vg,
411 1761 452 1766 -
480 1742 522 1774 ab
549 1755 564 1773 e
590 1744 716 1774 taeniis
740 1741 812 1776 Urs,
840 1742 873 1774 in
900 1744 986 1785 mg)
1035 1741 1196 1773 Bothius:
1231 1741 1398 1772 tumulum
1425 1739 1458 1776 cl,
1485 1753 1511 1776 e,
1538 1753 1564 1775 s,
1592 1753 1624 1785 (l-

221 1814 253 1837 u.
280 1810 304 1837 t.
354 1800 521 1845 Equidem
552 1811 688 1832 sensum
715 1811 783 1832 non
810 1801 993 1843 perspicio,
1021 1801 1155 1832 etiamsi
1182 1799 1295 1834 Muell,
1315 1805 1448 1831 acutam
1475 1797 1624 1840 appellat

222 1860 310 1893 hanc
337 1861 580 1894 coniecturam.
631 1857 756 1891 Urbem
785 1859 908 1891 taeniis
935 1857 1126 1891 decorare?

339 1930 394 1966 ΙΙΙ.
429 1929 515 1964 Non.
564 1939 594 1971 Ι),
636 1930 715 1963 469,
772 1928 824 1963 16,
874 1927 1038 1959 Aclsentit
1087 1934 1135 1958 cst
1179 1934 1211 1958 ec
1259 1927 1448 1969 passivum.
1500 1930 1625 1958 Accms

221 1989 463 2034 Neoptolemo:
492 1999 525 2022 u,
551 1999 584 2022 n,
612 1998 640 2022 c.
667 1998 696 2021 r,
723 1994 861 2031 ecquam
888 1985 920 2019 Ιι.
947 1997 979 2020 [ι.
1006 1997 1035 2020 s,

341 2057 393 2090 lV.
429 2056 517 2092 Non.
546 2067 576 2099 p.
603 2058 682 2091 493.
711 2057 765 2089 14.
800 2056 955 2088 Acritas,
984 2056 1109 2086 Accius
1138 2054 1388 2098 Neoptolemo:
1414 2054 1468 2084 vis
1492 2053 1626 2083 veritu-

220 2118 265 2149 tis
304 2124 410 2161 atque
444 2117 579 2147 aer-itus
610 2113 862 2157 (Neoptolomo
902 2112 956 2147 W,
985 2131 1025 2134 —
1054 2113 1107 2143 ius
1138 2112 1302 2143 vet-itatis
1339 2111 1462 2153 princ.)
1502 2108 1552 2143 Cf.
1586 2109 1625 2143 A.

221 2173 308 2209 Gell.
335 2172 374 2209 N.
402 2173 443 2207 Α.
472 2173 528 2213 13,
556 2174 586 2208 3,
612 2171 654 2205 2:
706 2171 822 2202 Attius
847 2171 884 2202 in
911 2169 1140 2214 Neoptolemo
1166 2169 1306 2212 Scripsit
1332 2169 1476 2202 uerita-⁵:

342 2242 382 2278 V,
415 2242 502 2278 Non,
540 2252 572 2284 p.
609 2241 691 2275 281·
726 2242 758 2274 4.
809 2240 990 2283 Dignatus
1022 2237 1203 2284 signficat
1238 2237 1368 2281 [lignus
1402 2236 1539 2269 habitus
1566 2257 1583 2262 -
1610 2257 1627 2262 -

224 2302 350 2334 Accius
380 2301 418 2332 in
458 2299 708 2344 Neoptolemo:
741 2309 768 2332 s,
803 2309 836 2343 q,
868 2309 911 2333 1η,
949 2298 971 2332 ι’,
1005 2298 1122 2342 tuique
1159 2304 1197 2328 tu
1236 2296 1295 2327 illo
1319 2294 1484 2338 fiterint,
1526 2293 1559 2329 d,
1594 2292 1627 2328 d.

224 2360 369 2404 (cuique
396 2367 434 2390 ιιι
462 2359 520 2397 Α.)
547 2356 695 2389 Refinxit
721 2366 859 2388 versum
886 2355 1064 2387 mercen-us.

340 2415 391 2451 Vl.
420 2414 510 2451 Fest.
536 2427 570 2458 1).
608 2417 687 2450 356.
739 2414 908 2446 Tolerare
939 2414 1115 2458 patienter
1136 2411 1254 2456 serre.
1307 2411 1430 2442 Accius
1465 2410 1502 2442 in
1540 2410 1630 2441 Neo-

220 2475 394 2518 ptolemo:
421 2483 480 2506 aut
510 2476 694 2518 quisquam
719 2485 754 2516 p.
780 2484 805 2507 ε,
832 2479 856 2506 l.
883 2483 914 2507 α,
950 2470 1050 2510 (Ιιαιιι
1078 2470 1111 2501 in
1138 2480 1207 2513 mg.
1235 2468 1328 2508 Urs.)

341 2543 405 2578 Vll.
440 2542 525 2577 Non.
554 2553 586 2584 p.
615 2544 694 2576 424.
721 2543 752 2576 2.
805 2539 914 2573 Pudet
951 2547 980 2571 el
1011 2541 1106 2583 piget
1137 2537 1203 2570 hoc
1237 2536 1369 2569 distat:
1407 2534 1512 2580 pudet
1539 2536 1628 2566 enim

223 2600 456 2634 verecundiae
489 2608 558 2640 est,
591 2601 711 2643 pigere
745 2598 980 2642 poenitentiae
1007 2616 1025 2622 -
1048 2616 1066 2622 -
1100 2597 1224 2628 Accius
1261 2594 1511 2638 Neoptolemo:
1548 2590 1629 2623 doct

220 2658 400 2704 pudetque
426 2659 592 2702 gravium
618 2669 668 2690 me
696 2665 725 2689 et
753 2668 785 2691 v.
811 2668 844 2699 Ρ.
885 2656 965 2701 (qui
986 2654 1165 2698 genuerim
1193 2663 1257 2695 mg.
1285 2651 1327 2692 l.)
