1846 3136
83 772 162 816 103

82 922 164 964 104

82 1141 161 1184 105

1517 175 1573 217 49

387 278 583 326 Divisus3
617 292 712 318 eum
744 277 885 319 doctis
919 276 1201 319 Prometheus

298 346 362 388 15.
388 345 599 403 Clepsi'sse
630 347 728 388 dolo
760 347 1003 402 poenasque
1034 346 1127 388 Iovi

385 416 496 458 Fato
528 416 778 472 expendisse
801 416 1013 471 supremo.

175 485 396 526 Minervae
427 486 553 526 etiam
586 488 686 526 sunt
727 485 992 526 admonentis
1023 484 1195 526 Ulixem
1234 486 1283 525 ut
1323 488 1446 526 caute
1480 499 1572 528 con-

175 555 441 608 siderateque
491 553 776 595 Philoctetam
820 554 1095 609 aggrediatur
1142 554 1335 603 minime,
1385 555 1445 595 ait
1491 554 1574 596 for-

174 627 300 673 tasse,
332 623 564 664 laetaretur
594 623 662 664 ille
692 623 769 672 vir,
803 624 837 664 si
868 626 912 664 te
943 622 1141 664 comitem
1173 623 1274 664 olim
1306 638 1429 664 suum
1460 625 1573 679 agni-

173 696 297 734 turus
328 696 457 741 esset,
501 693 574 734 sed
604 692 701 734 talis
733 695 797 733 est
834 693 898 733 ira
928 695 971 733 et
1010 692 1108 733 odio
1139 692 1341 734 adversus
1385 692 1573 735 Graecos

287 774 365 816 IV.
412 772 553 824 Quem
583 773 719 828 neque
752 774 865 815 tueri
895 773 1045 814 contra
1075 787 1151 814 nec
1181 772 1300 814 affari
1332 787 1474 828 queas.

171 843 233 885 Te
264 843 398 898 magis
430 843 579 892 etiam,
613 858 739 897 quam
771 842 874 884 alios
907 843 1167 883 detestatur:

289 924 344 967 V.
377 951 434 956 —
466 922 549 965 Cui
578 923 774 979 potestas
806 924 841 964 si
872 922 1019 972 detur,
1051 926 1128 964 tua

383 991 620 1048 Cupienter
651 992 772 1033 malis
805 991 996 1033 membra
1026 992 1240 1048 discerpat
1272 993 1371 1033 suis.

170 1062 418 1118 Respondet
448 1061 620 1103 Ulixes:

287 1143 365 1185 VI.
409 1142 575 1185 Contra
605 1142 671 1184 est
702 1142 888 1184 eundum
911 1141 1069 1184 cautim
1101 1144 1144 1184 et
1173 1141 1431 1197 captandum
1454 1141 1569 1185 mihi.

169 1211 379 1264 Quaerit:

168 1455 390 1498 praecedenti
416 1455 518 1490 cluet.
545 1473 586 1480 —-
613 1455 770 1496 Doctus,
798 1456 940 1488 edoctus
968 1456 1132 1489 beneficia
1160 1458 1258 1501 ignis,
1288 1467 1376 1500 quae
1402 1457 1482 1490 illuc
1507 1468 1569 1489 us-

170 1524 237 1557 que
275 1513 416 1545 deorum
457 1518 554 1545 erant
588 1523 722 1546 arcana.
750 1532 792 1537 ——
819 1513 943 1548 Dfintz.
985 1515 1076 1550 Mun,
1115 1515 1247 1549 Welck.
1283 1516 1329 1547 ita
1366 1514 1431 1547 hoc
1469 1514 1568 1559 frag-

169 1576 319 1603 mentum
346 1569 394 1613 (Ι,
420 1569 462 1610 ΙΙ,
489 1569 550 1611 Ill)
578 1570 697 1614 legunt
723 1576 759 1603 ut
784 1577 933 1615 quatuor
958 1573 1031 1604 eius
1057 1578 1171 1615 partes
1198 1583 1273 1605 esse
1300 1577 1470 1611 statuant,
1498 1574 1567 1615 pri-

167 1639 273 1661 mam:
309 1629 442 1660 lncluce
466 1649 485 1655 -
512 1649 531 1655 -
557 1627 767 1668 Laertiade‚·
793 1628 955 1662 alteram:
992 1631 1130 1662 Lemnia
1157 1648 1176 1654 -
1203 1650 1222 1656 -
1247 1632 1386 1670 Sacris,-
1411 1632 1567 1663 tertiam:

170 1686 344 1718 Volcania
370 1705 389 1711 -
415 1706 433 1712 -
460 1687 567 1728 coeli3
594 1692 770 1729 quartam:
798 1688 925 1718 Nemus
951 1707 969 1713 -
995 1707 1015 1713 -
1039 1699 1211 1731 supremo.
1255 1685 1324 1720 Iam
1355 1698 1438 1720 vero
1465 1699 1567 1732 quam

163 1748 245 1786 apte
270 1745 498 1787 coniungatur
524 1745 631 1786 prima
657 1754 732 1775 cum
759 1743 909 1776 secunda
936 1745 993 1776 vix
1019 1755 1178 1777 moneam
1211 1755 1354 1777 necesse
1380 1750 1446 1784 est3
1480 1751 1565 1786 tum,

165 1811 209 1834 ne
240 1801 410 1834 vocabula
445 1801 569 1833 deinde
603 1801 714 1844 (quod
749 1811 811 1844 pro
850 1801 930 1833 dein
967 1812 1008 1834 ex
1047 1812 1116 1834 uno
1152 1807 1283 1834 tantum
1323 1803 1397 1839 cod,
1437 1804 1567 1846 recepit

164 1858 297 1900 Muell.)
324 1865 426 1903 atque
452 1867 484 1891 et
509 1859 654 1892 Varroni
677 1859 824 1891 tribuam
851 1860 961 1902 iisque
993 1860 1181 1892 discindant
1210 1860 1341 1899 locum,
1382 1860 1467 1893 haec
1491 1860 1566 1893 dis-

161 1917 319 1950 suadent.
368 1917 518 1950 Primum
552 1923 698 1949 metrum
732 1916 883 1959 postulat
922 1916 1021 1957 dein,
1061 1919 1141 1961 quia
1179 1924 1316 1950 carmen
1351 1924 1487 1951 constat
1524 1928 1566 1950 ex

163 1974 297 2010 dimetr.
324 1985 438 2018 anap.;
472 1980 541 2007 tum
567 1985 671 2015 vero,
709 1973 801 2018 quod
825 1975 994 2017 gravioris
1022 1980 1074 2007 est
1102 1976 1283 2015 momenti,
1319 1976 1564 2008 sententiarum

163 2043 272 2066 nexus
295 2038 405 2065 totum
440 2033 554 2065 locum
580 2033 743 2076 coniungi
776 2031 884 2066 iubet.
933 2031 1086 2064 Minerva
1112 2033 1201 2064 enim
1231 2031 1318 2064 Ulixi
1352 2032 1565 2076 explicatura

163 2095 232 2130 est,
259 2090 318 2123 ubi
344 2092 422 2126 sint,
470 2090 605 2129 Sumus,
633 2090 692 2129 ait,
718 2090 753 2121 in
777 2089 890 2122 insula
915 2088 1057 2124 Lemno.
1106 2089 1157 2122 En
1185 2091 1286 2131 enim,
1313 2092 1346 2122 in
1374 2096 1564 2134 conspectu

164 2148 268 2180 habes
293 2149 482 2192 (concepta
506 2150 614 2188 cenes)
644 2146 789 2180 delubra
816 2147 996 2187 Cabirum,
1022 2148 1101 2180 dein
1127 2148 1225 2180 vides
1251 2148 1378 2190 templa
1404 2147 1565 2188 Volcani,

164 2211 198 2238 et
218 2205 353 2245 (vides,
390 2216 467 2238 nam
491 2205 611 2248 procul
637 2204 742 2237 dubio
769 2205 834 2237 hoc
859 2205 1004 2237 verbum
1029 2205 1248 2237 referendum
1274 2211 1325 2238 est
1352 2206 1456 2238 etiam
1481 2205 1564 2246 huc)

163 2259 295 2299 neinus,
325 2262 498 2296 Habemus
525 2262 665 2307 elegans
690 2268 843 2305 systema
869 2264 1124 2306 anapaesticum
1152 2274 1227 2295 cum
1255 2263 1408 2296 clausula
1435 2262 1561 2296 Paroe-

162 2331 284 2356 miaca.

277 2389 331 2424 lv.
370 2388 519 2424 Macrob.
552 2389 621 2424 Sat.
652 2391 684 2425 6.
722 2391 751 2424 1.
785 2399 816 2432 p,
852 2391 928 2425 160.
978 2389 1171 2433 Vergilius:
1209 2391 1282 2423 Nec
1315 2390 1394 2422 visu
1418 2387 1559 2434 facilis,

161 2458 224 2479 nec
248 2445 346 2479 dictu
369 2444 523 2490 affabilis
547 2447 621 2482 ulli.
654 2448 781 2479 Accius
804 2448 842 2479 in
866 2447 1080 2480 Philoctete:
1107 2465 1195 2471 -—

276 2515 316 2552 V,
349 2514 437 2551 Non,
469 2527 501 2559 p.
543 2517 598 2552 91.
629 2518 662 2550 5.
711 2517 916 2561 Οιιριέηῑεν,
945 2515 1174 2561 cupidissime.
1216 2517 1343 2548 Accius
1368 2516 1559 2549 Filocteea:

160 2574 220 2606 cui
241 2580 317 2619 pot.
343 2573 447 2605 detur
469 2581 532 2605 tua
559 2575 644 2613 Cup.
671 2584 716 2607 m.
740 2585 783 2609 m.
810 2572 845 2606 d.
869 2585 896 2606 5.

276 2642 330 2675 Vl.
363 2641 450 2675 Non.
475 2653 508 2685 p.
535 2643 615 2677 512.
648 2644 702 2678 11.
755 2643 892 2676 cautim
931 2654 998 2686 pro
1038 2650 1148 2678 cauce,
1198 2643 1326 2675 Accius
1359 2660 1377 2666 -
1410 2661 1429 2668 -
1464 2639 1557 2674 Idem

159 2699 348 2733 Filoctita:
377 2717 467 2724 -—-
493 2698 691 2744 (captando
719 2699 772 2733 W.
798 2709 856 2743 mg
884 2697 928 2741 l.)

492 2766 495 2767 ’
1250 2755 1277 2796 4
