1846 3136
533 724 661 776 lv.
718 725 838 776 nii
876 725 1258 776 excidium.

290 848 874 891 DEIPHOBUS
937 849 1080 889 sive
1139 847 1510 890 PERsls.

320 975 388 1018 Cf.
427 976 628 1018 WVelcker
665 979 718 1019 tr.
751 975 828 1019 Gr.
861 992 902 1032 p.
948 976 1027 1018 159
1067 990 1137 1030 sq3
1177 976 1289 1016 idem
1334 975 1386 1016 de
1421 975 1598 1017 Perside

202 1046 291 1100 agit
321 1045 435 1087 Mus.
468 1045 602 1088 Rhen.
639 1045 749 1087 1837
781 1061 821 1102 p.
854 1044 938 1088 466
969 1060 1030 1101 sq.

318 1115 387 1157 Ex
426 1116 494 1163 iis,
546 1130 653 1169 quae
696 1114 774 1156 sub
818 1116 987 1157 nomine
1027 1113 1244 1171 Deiphobi
1290 1115 1477 1155 citantur
1521 1113 1600 1154 fra-

203 1186 410 1240 gmentis,
449 1185 640 1239 quamvis
674 1199 888 1241 perpauca
927 1185 1011 1226 sint
1042 1188 1084 1226 et
1123 1184 1297 1240 exigua,
1347 1184 1487 1239 colligi
1523 1198 1601 1239 par

204 1257 291 1304 est,
331 1254 485 1295 Troiae
516 1255 875 1310 expugnationem
905 1269 981 1311 per
1011 1254 1156 1296 dolum
1188 1254 1284 1307 equi
1314 1252 1366 1294 ab
1395 1253 1519 1309 Epeo
1549 1267 1602 1294 ex

204 1323 321 1379 ligno
353 1325 587 1366 constructi
617 1325 660 1365 in
688 1324 767 1366 hac
798 1324 1020 1380 tragoedia
1049 1326 1188 1365 actam
1219 1338 1309 1365 esse
1339 1322 1408 1377 (fr.
1441 1323 1475 1365 Ι.
1508 1323 1600 1377 IL).

204 1394 372 1443 Aetam,
402 1409 488 1434 non
518 1396 731 1435 narratam
761 1394 1072 1443 tantummodo,
1104 1409 1201 1434 nam
1222 1393 1274 1436 fr.
1307 1393 1353 1434 Π
1383 1393 1455 1434 vix
1481 1392 1601 1442 alius,

205 1478 332 1518 quam
372 1464 560 1519 piscator
602 1463 772 1518 aliquis,
821 1465 894 1519 qui
935 1463 1137 1505 Sinonem
1176 1463 1219 1505 in
1259 1462 1357 1504 ulva
1401 1462 1603 1503 latentem

205 1536 443 1589 repererat,
485 1533 652 1574 locutus
695 1547 785 1574 esse
825 1536 991 1589 potest3
1038 1533 1151 1574 hunc
1191 1547 1293 1575 vero
1332 1534 1423 1574 tam
1462 1531 1605 1587 magni

207 1603 411 1644 momenti
439 1617 665 1658 personam
695 1603 738 1644 in
774 1602 918 1644 fabula
957 1602 1110 1652 fuisse,
1152 1605 1201 1644 ut
1239 1602 1422 1659 prologo
1459 1615 1605 1643 omnes

206 1673 248 1713 in
279 1672 442 1713 excidio
473 1671 629 1713 Troiae
658 1686 725 1713 res
747 1675 888 1728 gestas
920 1674 1164 1728 exponeret,
1198 1672 1370 1714 omnino
1398 1686 1482 1713 non
1513 1685 1606 1712 eon-

207 1742 395 1784 cesseris.
444 1742 538 1782 Iam
568 1756 669 1783 vero
700 1743 1028 1783 consentaneum
1050 1755 1219 1796 quoque
1249 1746 1326 1791 est,
1358 1743 1406 1783 ut
1428 1743 1605 1790 statuas,

208 1811 260 1852 de
298 1810 529 1866 Deiphobo
574 1811 826 1852 eminentius
868 1811 1027 1865 aliquid
1063 1813 1205 1852 actum
1251 1825 1362 1860 esse,
1409 1809 1525 1865 quod
1564 1810 1607 1851 in

207 1882 348 1936 ipsum
379 1880 531 1921 excidii
560 1883 730 1937 tempus
762 1880 898 1922 cadat.

323 1950 456 2006 Apud
503 1950 744 1992 Homerum
786 1949 872 1992 Od.
910 1950 951 1992 4.
999 1949 1097 1993 274.
1140 1965 1222 2004 sq.‚
1266 1949 1339 1991 ubi
1385 1949 1608 1991 Menelaus

208 2019 396 2061 Helenae
437 2022 594 2069 narrat,
636 2034 680 2061 se
712 2022 754 2061 et
790 2020 927 2062 socios
957 2019 1083 2060 huius
1114 2019 1212 2061 dolo
1249 2033 1381 2076 paene
1417 2019 1533 2075 ipsos
1565 2033 1608 2060 se

209 2089 446 2145 prodidisse
475 2090 518 2130 in
553 2103 662 2144 equo
692 2089 832 2145 ligneo
863 2089 1160 2138 consedentes,
1193 2088 1296 2131 haec
1327 2091 1448 2130 sunt:

410 2154 571 2207 Ἷ-Ιλθες
601 2158 736 2199 ἔπειτα
764 2158 815 2202 σὺ
837 2165 954 2199 κεῖσε·
986 2159 1262 2210 κελευσέμεναι
1287 2158 1330 2199 δὲ
1353 2157 1553 2210 σ’ἒζιιελλεν
1594 2155 1595 2158 “

420 2229 597 2281 δαίμων,
631 2226 677 2276 ὃς
711 2227 923 2282 Τρώεσσιν
953 2225 1147 2279 ἐβούλετο
1179 2229 1301 2275 κῖδος
1332 2226 1483 2280 ὄρεξαι·

419 2298 482 2337 καὶ
514 2312 575 2337 τοι
606 2298 825 2352 Δηΐφοβος
856 2297 1081 2343 θεοείκελος
1110 2295 1239 2336 ἕσπετ’
1269 2294 1418 2350 ἰὀύσῃ.
1449 2312 1485 2338 κ.
1510 2312 1544 2337 τ.
1569 2312 1607 2337 α.

211 2366 482 2409 Eustathius:
525 2366 625 2420 φασὶ
656 2366 700 2406 δὲ
730 2364 856 2407 αὐτὸν
884 2366 1140 2420 (Δηΐφοβον)
1179 2362 1386 2411 θανόντος
1421 2362 1612 2418 Πάριδος

212 2436 439 2490 ἀγαγέσθαι
481 2432 557 2487 τὴν
589 2431 784 2488 ςΕλὲνην7
829 2431 883 2482 ὡς
914 2438 995 2474 τῶν
1034 2432 1378 2487 περιλειφθέντων
1423 2431 1613 2487 ἀδελφῶν

211 2506 433 2559 κρει’ττονα”
468 2502 488 2543 ὃ
521 2504 584 2542 καὶ
619 2503 833 2550 Μενέλαος
865 2503 988 2555 δηλοῖ
1013 2502 1242 2543 θεοείκελον
1281 2498 1492 2552 ὀνομάσας
1534 2498 1612 2542 αὖ-

213 2573 298 2614 τόν·
332 2572 378 2614 οὗ
409 2573 487 2626 γὰρ
517 2571 594 2624 ἔχει
625 2571 814 2626 κρύπτειν
844 2571 890 2612 τὸ
925 2570 1091 2624 ἀληθές.
1133 2569 1275 2611 Tzetz.
1309 2568 1364 2609 ad
1393 2567 1610 2624 Lycophr.

218 2642 299 2685 143
321 2643 434 2692 dicit,
463 2640 740 2697 Deiphobum
761 2641 970 2682 Helenam
1001 2640 1043 2680 in
1065 2638 1383 2680 matrimonium
1405 2637 1613 2693 accepisse

215 2710 463 2766 ἀριστεύσας
504 2710 601 2753 κατὰ
647 2709 826 2763 πόλεμον
871 2711 934 2750 καὶ
978 2706 1130 2761 ταύτην
1172 2705 1226 2755 ὦς
1266 2706 1470 2759 ἀριστεῖον
1510 2705 1613 2747 κατά

1281 2776 1334 2818 5„
