1846 3136
95 289 163 332 52.

95 913 165 956 53.

93 982 164 1026 54.

94 1190 163 1233 55.

93 1468 162 1513 56.

1526 190 1582 233 29

303 290 360 332 11.
403 288 609 332 Scindens
640 289 789 331 dolore
816 288 1049 332 identidem
1078 290 1294 333 intonsam
1325 306 1504 336 comam.

189 357 312 411 Quae
343 358 472 401 verba
502 359 761 415 respondent
791 358 1032 401 Homericis
1062 360 1130 414 (11.
1168 359 1232 402 10.
1269 360 1372 415 15.):

397 428 550 476 πολλὰς
580 430 621 470 ἐκ
650 431 829 482 κεφαλῆς
859 428 1170 481 προθελίμνους
1200 429 1333 469 ἕλκετο
1361 431 1510 482 χαίτας

396 494 530 549 ἱψόθ’
563 496 669 538 ἐόντι
700 499 787 538 Διΐ·
820 498 923 550 μέγα
955 497 1120 538 δ’ἔστενε
1151 497 1374 550 κυδάλιμον
1404 503 1494 552 κῆρ.

186 567 285 608 Hoc
315 566 394 608 sibi
425 567 634 622 optimum
665 566 798 606 videri
829 566 907 615 ait,
941 569 990 607 ut
1018 566 1121 622 fuga
1151 566 1333 608 salutem
1366 570 1582 621 quaerant,

187 651 239 678 ne
269 636 435 678 Hector
465 650 511 676 re
540 650 640 677 vera
670 635 798 676 faciat
834 635 949 689 quod
988 636 1172 677 minatus
1203 636 1258 677 sit
1287 636 1353 690 (Η.
1388 634 1427 679 9.
1459 635 1582 691 241):

396 709 559 747 στεῦται
590 703 667 758 γὰρ
698 708 806 757 νηῶν
836 702 1064 755 ἀποκόψειν
1095 703 1201 756 ἂκρα
1229 704 1420 760 κόρυμβα

398 772 532 821 αὐτάς
563 772 822 828 τ’ἐμπρήσειν
849 776 1033 827 μαλεροῦ
1067 772 1207 827 πυρός.

186 844 319 902 Apud
347 844 518 885 Attium
547 842 866 898 Agamemnon:
905 842 1057 892 Video,
1093 843 1174 893 ait,
1208 845 1257 884 ut

303 913 386 955 III.
428 911 588 954 Classis
620 912 784 961 aditur,
817 911 1003 953 cluditur
1032 911 1171 955 fervit.
1204 939 1261 944 —

301 982 381 1025 IV.
403 1008 461 1014 —
484 981 661 1024 scandit
691 980 796 1021 aura
822 980 1005 1022 laterum
1036 982 1157 1023 texta
1187 982 1367 1025 Volcani
1397 999 1544 1028 vorax,

188 1051 313 1104 Quae
342 1051 575 1094 Diomedes
606 1050 872 1106 responderit
901 1051 996 1092 vide
1027 1051 1142 1107 apud
1172 1051 1411 1094 Homerum
1441 1054 1508 1108 (Il.
1544 1054 1583 1096 9.

187 1121 243 1163 33
276 1122 358 1176 sq.)
389 1120 474 1163 Cui
504 1120 750 1175 obloquitur
779 1120 1069 1176 Agamemno:

302 1191 358 1234 V.
403 1190 513 1232 Tun'
561 1190 675 1245 quod
716 1192 910 1245 superest
952 1189 1111 1231 socium
1157 1191 1291 1232 mittis
1331 1191 1445 1234 leto?
1514 1194 1584 1234 An

604 1259 708 1300 lucti
738 1259 958 1315 poenitet?

187 1329 377 1386 Surgens
414 1329 565 1371 deinde
594 1327 752 1370 Nestor
791 1329 858 1384 (Π.
892 1328 930 1372 9.
975 1329 1030 1370 52
1063 1331 1144 1385 sq.)
1182 1329 1332 1372 laudat
1360 1331 1585 1374 Diomedis

186 1401 445 1449 orationem3
476 1399 842 1455 Agamemnonem
862 1413 963 1440 vero
994 1399 1076 1440 alio
1099 1399 1354 1441 adhortatur
1385 1402 1583 1443 oonsilio:

301 1469 381 1513 VI.
421 1468 528 1510 Iube
560 1483 671 1509 nunc
701 1468 960 1524 attemptare
990 1468 1087 1511 iube
1108 1484 1220 1511 nunc
1252 1470 1394 1512 animo
1415 1471 1585 1528 ruspari

603 1537 815 1595 Phrygas.

302 1713 343 1750 Il,
378 1713 448 1749 Cic,
474 1712 575 1750 Tusc,
605 1715 637 1749 3.
663 1713 719 1747 26.
745 1715 800 1747 62.
851 1714 908 1745 Ex
933 1712 999 1745 huc
1025 1714 1189 1758 opinione
1215 1723 1294 1746 sunt
1329 1715 1390 1747 illa
1415 1717 1520 1748 varia
1553 1724 1584 1748 ec

188 1771 404 1804 detestabilia
429 1784 560 1815 genera
591 1770 738 1815 lugendi
760 1791 779 1796 -
805 1790 823 1796 -
852 1772 942 1803 Hinc
973 1771 1027 1802 ille
1053 1775 1294 1815 Agamemnon
1322 1773 1529 1805 Homerzcus
1554 1781 1584 1806 et

186 1829 276 1862 idem
307 1830 485 1861 Attianus:
513 1847 600 1853 --

304 1898 361 1934 ΙΙΙ.
394 1897 480 1931 Νοιι.
509 1909 540 1941 p.
567 1897 645 1933 503.
672 1900 704 1932 2.
746 1899 864 1930 Fet-vic
888 1910 956 1940 pro
971 1896 1089 1942 struet
1105 1918 1124 1924 -
1150 1918 1170 1924 -
1187 1900 1311 1931 Accius
1338 1901 1584 1943 Nyctegresia:

188 1957 307 1988 classis
334 1956 433 1988 adito
465 1955 619 1988 cluditur
643 1956 768 2000 servit,
794 1955 886 1995 (adit
923 1955 1078 1988 cluditur
1112 1955 1145 1991 L,
1174 1974 1218 1980 —
1243 1956 1370 1989 addito
1407 1956 1588 1989 clauditur

190 2015 279 2049 1480
302 2032 350 2038 —-
370 2014 446 2046 adit
473 2013 653 2046 clauditur
676 2014 716 2049 Α,
744 2013 786 2055 Ι)

304 2083 355 2119 lv.
388 2082 474 2118 Non.
502 2093 532 2126 p.
560 2085 638 2119 227.
664 2086 719 2119 27.
757 2084 886 2116 Tenus
912 2083 1097 2114 masculini
1120 2091 1167 2115 est
1193 2085 1341 2127 generis.
1371 2085 1500 2115 [Ventri
1521 2102 1540 2108 -
1567 2103 1586 2110 -

187 2142 314 2174 Accius
347 2142 600 2185 Nrceegresia:
634 2140 770 2172 scendz't
804 2140 895 2173 hora
930 2141 952 2176 I,
986 2148 1013 2176 t,
1051 2141 1091 2174 V.
1127 2152 1155 2175 ν.
1189 2140 1366 2181 (ascendit
1400 2152 1457 2184 mg
1491 2142 1516 2176 Ι.
1543 2159 1585 2164 -

188 2200 334 2243 vulganii
358 2199 438 2239 W),
488 2203 584 2230 Αιινιι
613 2199 765 2230 Vulcani
791 2204 841 2230 est
866 2198 1029 2241 splendor
1053 2198 1153 2241 ignis,
1203 2197 1270 2230 Cf.:
1303 2198 1461 2231 Discolor
1494 2199 1587 2231 unde

189 2259 281 2290 auri
311 2268 370 2300 per
395 2267 508 2289 ramos
545 2267 651 2289 aura
687 2256 817 2289 refulsit
850 2256 1100 2298 [splendor
1126 2257 1209 2291 auri.
1236 2255 1351 2296 Serv.)
1402 2256 1496 2300 Virg.
1521 2257 1585 2292 Ae.

189 2318 221 2351 6,
248 2318 327 2350 204,
355 2334 396 2338 -
423 2317 586 2348 Laterum
611 2325 656 2350 se.
682 2316 791 2349 navis.
819 2333 858 2337 —
890 2315 1002 2347 Texta
1033 2314 1180 2346 fortasse
1211 2313 1254 2345 de
1290 2313 1421 2356 copulis
1456 2319 1490 2346 et
1524 2325 1585 2346 ru-

189 2373 361 2406 dentibus.
402 2390 436 2397 -
474 2372 540 2407 CR:
576 2371 716 2404 Scandit
751 2378 883 2405 aeratas
917 2372 1043 2404 vitiosa
1075 2381 1180 2404 naves
1217 2382 1307 2406 cura,
1356 2370 1437 2406 Hor.
1473 2370 1584 2406 Carm.

189 2433 221 2467 2.
249 2431 302 2466 16.
330 2431 385 2465 21.

306 2489 345 2525 V,
383 2488 469 2524 Non,
499 2499 530 2530 p.
556 2487 635 2523 486.
662 2490 695 2523 2,
744 2489 849 2520 Lucli
878 2499 946 2531 pro
980 2487 1104 2526 luctae,
1154 2488 1317 2519 Accius·
1343 2507 1362 2513 -
1384 2486 1477 2518 Idem
1512 2488 1585 2527 Ny-

190 2548 381 2592 ctegresia:
410 2553 494 2578 lunc
519 2558 551 2590 q,
577 2558 604 2581 5,
630 2558 673 2581 m,
698 2546 719 2581 l,
745 2557 791 2577 an
816 2546 837 2581 l,
861 2544 1040 2588 paenitet?
1066 2545 1334 2590 (sypeegr-essm
1359 2544 1415 2579 W.
1444 2561 1486 2567 —-
1513 2552 1583 2575 lum

189 2605 278 2650 quid
302 2606 392 2640 1480
418 2622 460 2628 —-
485 2604 578 2636 laeto
603 2603 639 2639 L,
670 2621 712 2627 —-
737 2605 890 2647 poenitet
916 2603 988 2642 W‚)

307 2674 359 2710 Vl,
390 2673 478 2709 Non.
505 2684 536 2716 p,
564 2674 641 2709 166.
671 2675 724 2708 18.
760 2673 915 2716 Ruspari
937 2679 984 2703 est
1009 2672 1175 2705 scrutari.
1215 2672 1340 2703 Accius
1361 2670 1585 2709 Nyctei-esim

190 2734 263 2765 iuve
280 2743 374 2765 mmc
398 2731 617 2775 adtemptare
642 2732 720 2764 ιἰιυε
737 2741 829 2762 ηιιιισ
853 2730 971 2761 animo
997 2729 1144 2771 ruspari
1169 2729 1311 2771 Frygas
1328 2726 1404 2759 iube
1421 2746 1440 2753 -
1458 2747 1476 2752 -
1494 2726 1585 2766 [iube
