1846 3136
116 551 182 595 12.

115 690 181 733 13.

116 1106 180 1150 14.

205 275 354 330 Eurip.
387 275 465 317 inc.
499 274 576 316 37:

437 346 487 385 Εἷ
517 350 603 392 τοῖς
634 345 675 385 ἕν
705 343 800 400 οἴκῳ
827 344 1037 399 χρήμασιν
1069 346 1316 396 λελειῇιιμεθα

434 410 497 453 ‘H
521 411 739 466 ὁέὗγενειά
767 414 832 454 καὶ
865 412 912 454 τό
945 419 1130 466 γενναῖον
1161 413 1284 465 μένει.

206 482 345 525 Unius
376 496 428 524 ex
457 482 718 539 principibus
747 484 832 523 est:

320 552 428 595 XII.
470 552 674 594 Profecto
694 551 1023 607 haudquaquam
1045 554 1110 593 est
1131 551 1251 593 <artus
1269 551 1469 594 mediocri
1493 557 1600 596 satu.

204 622 266 663 Et

319 690 451 734 XIH.
493 691 603 733 Nam
650 691 731 732 etsi
778 693 953 746 opertus
1013 690 1239 746 squalitate
1292 695 1356 734 est
1403 692 1605 748 luctuque

624 760 896 802 horrifiez'tbili

207 829 293 872 Sed
322 830 472 872 Ulixes
505 832 671 871 astutus
711 845 807 871 eum
842 830 1064 886 agnovisse
1094 831 1274 875 videtur.
1337 832 1442 873 Inde
1473 848 1604 887 quum

204 901 248 941 in
279 915 329 942 eo
357 900 412 941 sit
441 902 491 941 ut
522 900 649 941 duces
687 900 838 955 gladiis
865 900 1024 941 strictis
1055 904 1363 956 persequantur
1391 902 1604 943 hominem

205 969 285 1011 sibi
306 969 632 1018 odiosissimum,
664 970 841 1011 nuncius
863 969 996 1020 adest,
1019 971 1208 1026 rapuisse
1229 974 1380 1013 nautas
1404 970 1603 1014 Orestem

204 1041 247 1080 et
278 1053 374 1081 cum
405 1054 455 1080 eo
486 1039 618 1080 altum
650 1039 844 1094 petiisse:

319 1108 448 1152 XIV.
481 1135 538 1140 —
567 1108 798 1163 Remisque
828 1110 915 1150 nixi
936 1109 1175 1165 properiter
1205 1125 1355 1153 navem
1389 1111 1433 1152 in
1456 1110 1603 1167 fugam

482 1178 732 1220 Trz'znsdunt
763 1178 909 1219 subter
941 1179 1044 1220 saxa
1072 1179 1126 1221 ad
1156 1180 1333 1231 laevam,
1366 1181 1451 1236 qua'.
1482 1195 1603 1223 mons

623 1248 816 1289 mollibat
848 1263 975 1291 mare.

202 1317 368 1359 Auctor
398 1317 596 1359 facinoris
627 1317 748 1359 facile
789 1318 1002 1373 Telephus
1033 1320 1327 1374 cognoscitur,
1367 1334 1504 1375 neque
1543 1334 1602 1361 re-

201 1389 366 1444 pugnat
406 1387 474 1429 hio
503 1387 578 1429 sed
619 1386 791 1428 abiectis
822 1388 971 1442 pannis
1012 1389 1105 1442 quis
1137 1390 1191 1430 sit
1232 1392 1378 1445 aperte
1417 1390 1603 1431 ostendit

203 1458 462 1513 exponitque
492 1472 567 1498 eur
595 1457 769 1498 venerit.
818 1456 889 1498 De
921 1457 1088 1499 Orestis
1120 1459 1209 1500 vita
1239 1461 1382 1500 actum
1410 1474 1501 1501 esse
1529 1459 1601 1509 ait,

201 1527 282 1568 nisi
310 1527 400 1583 ipse
430 1527 651 1569 incolumis
682 1525 834 1568 evadat
863 1527 1037 1582 votique
1069 1542 1243 1584 compos
1270 1529 1368 1571 fiat:

319 1711 394 1748 ΧΠ,
432 1711 518 1748 Non.
557 1723 589 1755 p.
617 1714 694 1747 174.
723 1715 776 1748 13.
827 1714 914 1745 Solu
943 1715 1095 1759 positum
1118 1725 1186 1758 pro
1213 1715 1347 1749 semine,
1399 1715 1525 1746 Accius
1549 1731 1565 1739 -
1589 1732 1604 1739 -

202 1769 296 1802 Idem
324 1769 463 1814 Tequ'o:
496 1788 588 1794 ·-——
620 1770 804 1814 (projecti
834 1782 1035 1817 quanquam
1069 1777 1149 1803 ante
1174 1771 1215 1807 Μ,
1245 1789 1284 1794 ——-
1310 1770 1474 1816 profecto
1511 1773 1604 1804 aium

201 1839 411 1874 quamquam
438 1827 473 1864 L,
503 1846 541 1850 —
569 1836 668 1860 ortus
692 1828 831 1860 meliori
851 1828 880 1860 A
905 1828 957 1870 l.)

325 1896 416 1932 XIII.
454 1897 541 1933 Non.
575 1909 607 1941 p.
639 1896 719 1932 226.
751 1899 782 1933 3.
832 1898 986 1943 Squalor
1028 1898 1215 1930 masculini
1250 1906 1298 1930 esc
1341 1901 1489 1942 generis,
1542 1901 1604 1932 Fe-

201 1956 326 1988 minini
353 1957 476 1988 Accius
501 1973 517 1980 -
540 1973 556 1981 -
591 1955 685 1988 Idem
714 1955 835 1996 Telefo
862 1957 907 1988 N.
934 1968 960 1991 e,
989 1968 1020 1988 o.
1046 1968 1097 2001 sq,
1124 1969 1150 1991 e,
1179 1956 1200 1991 l,
1227 1955 1429 2001 horrz'fzcali
1451 1958 1604 2001 (operta

200 2014 230 2046 A
256 2012 308 2054 I.)
337 2013 585 2058 Horrfficahili
607 2019 699 2046 recta
727 2019 778 2045 est
796 2012 906 2045 Vossii
924 2015 1135 2055 coniectura3
1163 2015 1339 2047 derivatur
1357 2016 1448 2047 enim
1466 2025 1485 2047 a
1510 2016 1603 2048 hor-

201 2071 362 2112 rifico,
386 2077 424 2104 ut
449 2071 665 2104 tabificabiiis
692 2083 710 2104 a
738 2071 951 2108 tabifico,

318 2140 412 2177 XIV.
448 2140 534 2176 Non.
562 2151 596 2183 p,
624 2143 700 2177 155.
726 2141 758 2175 7.
799 2142 1020 2185 Properatim
1044 2149 1076 2173 et
1099 2142 1311 2186 properiter,
1337 2142 1495 2174 celeriter
1517 2154 1603 2185 pro-

198 2207 367 2244 peranter
392 2219 410 2226 —
437 2220 456 2225 -
484 2200 609 2231 Accius
646 2197 780 2243 Telefo:
806 2210 835 2234 ι’,
862 2211 897 2234 η,
928 2211 964 2243 ρ,
991 2211 1024 2235 ιι,
1050 2201 1073 2234 ι’.
1096 2199 1133 2243 f
1188 2198 1354 2232 Tradunt
1384 2199 1602 2240 (transdunt

201 2254 251 2289 fns
287 2257 402 2293 Cuiac.
441 2257 511 2297 M.)
560 2257 608 2291 ld.
643 2267 675 2299 p.
711 2259 790 2292 307.
822 2259 888 2291 27:
925 2257 1029 2299 Fuga
1063 2256 1242 2301 st'gmstcac
1275 2258 1365 2289 citus
1398 2269 1521 2289 cursus
1545 2276 1560 2283 -
1585 2277 1600 2284 -

201 2316 303 2358 Fuga
328 2316 407 2346 item
433 2314 564 2347 elicitur
588 2316 781 2357 ncwigaliO,
819 2316 945 2346 Accius
972 2314 1106 2356 Telefo:
1132 2327 1161 2350 r,
1189 2327 1223 2350 ιι,
1246 2327 1280 2358 p.
1300 2327 1333 2350 η,
1359 2317 1381 2350 i.
1404 2316 1435 2355 [ζ
1486 2316 1602 2348 Tran-

198 2381 344 2404 seutzlur·
373 2373 582 2413 (transeunt
618 2373 684 2412 A.)
736 2371 783 2404 ld.
811 2383 842 2414 p,
868 2374 946 2408 347,
981 2374 1040 2406 14:
1073 2372 1181 2404 Molle
1213 2380 1261 2404 est
1294 2385 1366 2404 non
1402 2372 1526 2405 durum
1553 2391 1567 2398 -
1587 2389 1601 2397 —

200 2430 308 2463 Molle
331 2429 519 2474 placidum,
572 2431 698 2462 Accius
725 2429 865 2474 Tequo,·
898 2431 975 2462 nixi
1005 2430 1135 2475 perz'ler
1160 2442 1194 2465 n,
1220 2431 1244 2464 ι’.
1266 2429 1304 2473 f
1332 2429 1496 2462 Tradunt
1522 2430 1600 2461 sul)-

199 2495 254 2519 ter·
278 2500 347 2520 axa
372 2487 423 2520 ad
446 2488 531 2528 leva,
558 2499 661 2534 quam
687 2499 786 2519 mons
811 2487 965 2519 mollibat
983 2499 1090 2522 mare.
1116 2488 1281 2532 (pariter
1306 2487 1332 2520 B
1354 2505 1392 2510 —
1413 2489 1484 2519 nisi
1502 2491 1601 2531 pari-

200 2546 577 2590 ter-A.—-p1·operz'ler
593 2545 669 2581 edd,
686 2544 915 2577 -trandlmt
938 2545 970 2580 L.
993 2563 1038 2568 -
1062 2544 1254 2577 traducunt
1273 2544 1311 2581 B,
1336 2563 1373 2568 —
1404 2545 1510 2576 levam
1537 2544 1598 2587 A.)

200 2602 269 2636 Cf.:
294 2602 416 2636 Nisus
444 2602 565 2635 baculo
585 2601 647 2637 Ov.
666 2602 763 2637 Pont.
795 2605 825 2638 1.
851 2604 883 2637 8.
901 2604 1084 2645 52.—Qua
1109 2613 1207 2634 mons
1228 2602 1381 2634 mollibat
1399 2614 1495 2634 mare
1520 2603 1541 2637 i.
1569 2613 1598 2638 e,

198 2660 259 2693 ubi
277 2671 376 2693 mons
394 2662 495 2693 maris
521 2662 683 2704 impetum
704 2660 895 2705 frangebat,
922 2661 1030 2694 undas
1047 2660 1215 2703 placabat.
1243 2658 1314 2694 Cf.:
1334 2660 1363 2692 Μ
1376 2659 1512 2693 ollire
1531 2662 1598 2693 im-

199 2724 326 2761 petum.
352 2718 424 2755 Liv.
451 2720 481 2754 3.
509 2720 564 2755 35.
