1856 3027
459 556 918 615 Corrigenda
985 563 1045 602 et
1107 557 1434 603 addenda.

248 795 329 838 l‘ag.
366 798 387 828 8
415 795 472 829 lin.
524 798 543 828 7
585 805 645 838 pro
672 795 779 835 Quin
808 795 885 839 lege
910 795 1002 835 Qui.

271 871 312 877 —-
343 853 384 888 12
412 872 448 877 -
503 855 541 887 11
597 871 635 876 -
688 855 732 887 30
828 872 870 877 --
921 856 976 887 50.

274 929 312 934 -
342 912 384 945 12
411 929 451 934 -
504 911 546 945 13
574 910 650 953 lege
669 915 777 956 poe'la
802 910 967 943 indoctus
981 911 1057 955 Jut'l
1085 911 1232 942 illm-n
1245 923 1274 941 m
1301 919 1556 955 ternporum,

269 987 311 991 —
342 970 382 1003 13
410 986 452 992 --·
525 971 546 1002 2
573 979 634 1011 pro
661 969 816 1000 Brisenm
843 968 922 1011 lege
950 968 1140 1002 Brisaeum.

271 1044 311 1049 ·—
341 1028 382 1060 15
414 1045 453 1050 —
529 1028 548 1060 5
576 1026 665 1058 adde
691 1025 790 1058 colon
818 1032 895 1068 post
920 1025 1039 1060 volo.

273 1102 314 1107 —
344 1085 384 1118 15
411 1085 442 1116 in
471 1084 537 1116 fine
563 1090 667 1116 notae
694 1083 734 1115 ad
763 1084 803 1116 sr.
830 1083 871 1115 lv
900 1083 1000 1127 lege:
1032 1082 1222 1116 Emendavi
1261 1094 1351 1115 cum
1389 1083 1644 1117 Hermanno

524 1152 564 1174 ex
590 1141 749 1174 Ilomem.

268 1217 308 1222 —
340 1201 381 1233 17
409 1198 518 1232 Notae
543 1200 582 1235 fr,
606 1198 649 1230 lx
673 1198 855 1239 (mendose
873 1209 1032 1230 numerus
1051 1196 1094 1229 IV
1116 1200 1246 1241 positus
1266 1201 1333 1239 est]
1352 1198 1456 1230 adde:
1485 1199 1644 1232 Fortasse

524 1258 585 1296 (ex
611 1258 675 1289 viri
708 1256 883 1289 cuiusdam
921 1256 1107 1288 doctissimi
1146 1257 1334 1296 sententia)
1368 1256 1552 1300 legendnm
1593 1262 1644 1289 est

523 1323 707 1346 moe-staret
744 1319 778 1347 et
814 1313 992 1346 retinenda
1027 1313 1168 1346 Merceri
1196 1315 1395 1346 coniectura
1427 1314 1647 1358 itgflummari

523 1371 726 1404 Adridae
752 1383 859 1404 naves
884 1383 917 1407 υ.
944 1384 970 1406 s.

265 1449 306 1454 —
334 1432 380 1464 20
405 1429 463 1462 lin.
491 1432 510 1463 7
538 1429 616 1473 lege
640 1430 845 1461 vulneratus
869 1429 1063 1464 inducitur.

265 1506 308 1513 -
334 1490 378 1523 25
405 1487 442 1520 In
473 1487 539 1520 fine
565 1493 667 1520 notae
694 1487 732 1522 sr.
760 1485 854 1519 XVII
881 1494 1089 1519 revocarent
1115 1486 1155 1518 M„
1182 1488 1279 1519 uncis
1305 1486 1454 1521 include.

241 1546 337 1586 Quae
364 1547 473 1578 minus
499 1545 677 1578 offendunt
701 1544 823 1578 menda
850 1543 1053 1587 typographi
1080 1545 1258 1586 supersedi
1285 1550 1418 1578 notare.
