1846 3136
86 1765 156 1808 32.

87 2191 157 2235 33.

1525 188 1575 230 21

391 291 503 339 πρωῒ
528 287 729 344 δ’ὖπιηοῖοι
762 290 837 334 aiv
871 290 1028 343 τεύχεσι
1053 291 1346 344 θωρηχθέντές

392 360 571 410 νηυσὶν
600 359 681 400 ἔπι
715 364 1053 415 γλαφυρῇσιν
1084 360 1287 413 ἐγείρομεν
1317 358 1412 408 ὀξὺν
1435 360 1580 414 ’Ἀρηα.

178 425 240 466 Et
268 429 397 482 poeta
428 431 525 468 ante
555 429 722 470 initium
753 429 993 471 certaminis
1026 429 1128 470 dicit
1158 428 1225 482 (Il.
1260 427 1328 470 20.
1366 428 1443 483 1.):

379 495 456 543 ἿΩς
487 497 532 537 οἳ
555 500 630 549 μὲν
659 498 802 552 παρὰ
834 499 987 552 νηυσὶ
1018 498 1207 552 καρωνίσι
1239 496 1513 551 θωρήσσοντο

389 565 492 620 ἀμφὶ
527 568 588 617 σέ,
625 568 789 621 Πηλέος
821 567 893 619 υἱέ,
923 566 1060 620 μάχης
1090 565 1314 619 ἀκόρητον,
1345 566 1513 618 Ἀχαιοί.

295 635 382 676 Ubi
412 635 736 691 llyrmidonum
768 639 1019 692 argumento
1058 636 1288 676 terminum
1326 636 1579 677 const-ituen-

177 705 281 745 dum
313 705 474 760 opinati
505 721 665 755 sumus,
698 707 845 761 incipit
866 705 1236 761 Epinausimache.
1282 705 1444 754 Thetis,
1471 720 1581 760 quae

177 774 354 815 Achillis
385 774 723 824 exclamationes,
756 791 859 830 quas
882 776 1080 816 nunciata
1111 777 1249 815 morte
1275 774 1467 817 Patrocli
1498 774 1582 815 edi-

178 845 265 893 dit,
307 844 490 893 audivit,
533 845 678 885 stat-im
719 846 839 886 adest
880 861 976 887 cum
1006 843 1259 885 Nereidibus
1298 847 1348 885 ut
1385 844 1578 885 luctuum

177 928 349 955 causam
379 914 635 969 experiatur.
696 914 795 956 Non
832 918 952 956 curat
980 915 1148 963 Attius,
1190 914 1305 969 apud
1335 913 1579 954 Homerum

178 985 346 1025 noctem
376 983 486 1023 inter
525 984 643 1038 prius
674 986 717 1025 et
756 984 936 1025 alterum
968 984 1162 1025 Thetidis
1204 999 1300 1025 cum
1337 982 1425 1024 fflio
1457 982 1579 1024 collo-

177 1053 324 1107 quium
355 1053 618 1094 interiectam
640 1068 741 1102 csse,
775 1054 981 1108 siquidem
1003 1053 1343 1108 fragmentorum
1365 1067 1580 1108 compara-

178 1123 240 1164 tio
271 1137 367 1163 cum
397 1122 540 1163 Iliadis
572 1122 710 1164 verbis
742 1123 949 1171 ostendit,
982 1122 1251 1178 tragoediam
1283 1137 1307 1162 a
1337 1123 1480 1178 priore
1512 1135 1578 1177 ag-

178 1206 328 1247 gressu
368 1192 515 1232 matris
556 1192 610 1232 ad
652 1192 861 1234 Achillem
912 1192 1079 1233 initium
1130 1192 1340 1233 habuisse.
1413 1189 1583 1232 Chorus

179 1262 261 1302 fuit
290 1260 533 1310 Nereidum,
566 1262 602 1301 si
631 1264 746 1303 recte
776 1262 1048 1303 Hermannus
1080 1261 1252 1304 Attium
1273 1260 1475 1317 Aeschyli
1503 1259 1584 1302 Ne-

177 1330 315 1372 reides
346 1334 444 1372 ante
474 1331 621 1373 oculos
653 1331 851 1373 habuisse
882 1332 1046 1373 statuit.

294 1400 481 1441 Achilles
511 1401 572 1441 ita
603 1403 667 1442 est
698 1401 870 1442 ultionis
912 1400 1112 1456 cupidus,
1153 1402 1202 1441 ut
1241 1400 1386 1441 statim
1426 1400 1470 1440 in
1509 1414 1582 1455 pu-

178 1484 306 1525 gnam
335 1471 495 1511 irruere
525 1470 647 1519 velit3
679 1470 928 1512 Patroclum
959 1471 1070 1512 enim
1099 1469 1167 1524 (11.
1204 1468 1269 1511 18.
1302 1467 1404 1523 81.),

389 1566 446 1571 -—
477 1538 550 1579 τὸν
580 1538 656 1593 ἐγὼ
689 1540 777 1593 περὶ
810 1538 974 1580 πάντων
1004 1546 1091 1580 τῖον
1121 1537 1294 1591 ἑταίρων

390 1606 480 1649 ῗσον
508 1609 584 1663 ἐίιιῇ
614 1612 784 1664 κεφαλῇ·
816 1607 891 1649 τὸν
921 1607 1126 1650 ἀπώλεσα.

179 1678 353 1720 Attius:

295 1759 330 1801 I.
377 1758 499 1800 Mors
537 1758 660 1799 amici
701 1758 862 1814 subigit
902 1759 1018 1813 quod
1048 1759 1105 1799 mi
1147 1760 1212 1799 est
1244 1758 1408 1799 senium
1449 1759 1582 1800 multo

601 1827 868 1871 acerrimum.

179 1897 346 1939 Deinde
375 1897 562 1939 Achilles
593 1898 708 1953 apud
737 1897 978 1939 Homerum
1007 1897 1075 1951 (11.
1113 1896 1177 1940 18.
1215 1897 1350 1952 114.);

392 1971 464 2009 νῦν
495 1965 570 2019 εἶμ’
600 1966 713 2022 ὄφρα
744 1968 866 2022 φίλης
894 1970 1073 2022 κεφαλῆς
1105 1965 1281 2020 ὀλετῆρα
1310 1967 1443 2018 κιχείω

383 2035 573 2089 (Έκτορον

180 2106 251 2147 Ad
282 2121 389 2161 quae
419 2105 567 2147 Thetis
596 2105 865 2161 respondisse
898 2105 1088 2146 videtur:

296 2188 354 2228 Π.
397 2185 565 2238 Quodsi
595 2186 790 2242 procedit
826 2185 964 2241 neque
994 2190 1037 2228 te
1067 2199 1202 2241 neque
1233 2200 1487 2241 quemquam
1520 2187 1581 2227 ar-

602 2256 738 2297 bitror

391 2326 509 2367 Tuae
537 2325 811 2381 poeniturum
841 2325 1000 2374 laudis,
1033 2340 1160 2379 quam
1191 2327 1240 2366 ut
1272 2324 1414 2366 serves
1445 2324 1551 2366 vide.

300 2534 322 2569 1,
360 2533 445 2568 Non,
482 2544 515 2576 p.
554 2536 584 2568 2.
612 2536 669 2568 22.
720 2536 856 2566 Senium
888 2542 936 2565 est
969 2533 1121 2565 taedium
1154 2541 1185 2565 et
1222 2533 1340 2565 odium
1368 2550 1382 2557 -
1405 2551 1419 2558 -
1455 2534 1580 2565 Accius

188 2590 493 2635 Epinausc'muclec:
521 2610 612 2615 ——
638 2591 790 2624 laedium
816 2603 858 2626 m,
886 2603 917 2626 a,
952 2591 1091 2629 (subicit
1118 2590 1152 2626 L,
1177 2602 1220 2624 m.
1254 2594 1282 2624 1.
1312 2608 1352 2613 —-
1380 2602 1467 2635 quac
1500 2590 1586 2622 mihi

183 2649 245 2689 Μ.)
273 2648 372 2682 Both.
400 2648 487 2680 male
513 2661 611 2693 quae,

302 2717 339 2752 ΙΙ.
380 2717 452 2749 Non
492 2728 522 2760 p,
554 2719 630 2752 158.
658 2719 689 2752 3,
740 2718 986 2755 Poenam-um,
1016 2718 1141 2749 Accius
1176 2717 1464 2760 Epimzusimace:
1494 2734 1570 2741 ——
