1856 3027
236 102 290 143 58

235 206 466 247 abhorrens
496 208 676 247 mortem
708 206 796 260 ipse
832 204 909 245 sibi
941 204 1187 246 consciscat.
1228 205 1406 253 Heneti,
1440 219 1491 245 ne
1529 205 1635 246 duce

235 278 425 324 careant,
467 275 521 316 ad
551 275 782 316 Antenoris
825 277 974 328 postea
1006 274 1305 314 auctoritatem
1338 289 1380 314 sc
1413 274 1636 315 conferunt

235 360 260 385 a
290 359 374 399 quo
411 345 538 385 etiam
581 344 909 384 denominantur
947 344 1017 394 (cf.
1061 341 1178 384 Serv.
1218 343 1283 383 ad.
1322 343 1444 398 Virg.
1483 343 1561 385 Ae.
1599 344 1634 385 1.

240 413 343 455 142:
388 418 442 453 Hc·
478 429 600 454 aulem
636 412 872 468 [Patavini]
902 418 1040 467 primis
1074 414 1310 467 temporibus
1342 415 1438 451 dscn‘
1467 422 1556 451 sunt
1587 415 1634 452 ab

236 489 434 524 Antenor-e
463 484 763 537 A,¹1tem›rc'(lne.)
821 481 919 522 Non
959 480 1089 520 mirus
1128 483 1191 521 est
1229 480 1360 535 igitur
1397 481 1636 535 argumenti

235 552 404 600 titulus,
457 551 689 591 dummodo
729 551 882 592 chorus
923 566 974 591 ex
1019 550 1295 591 Antenoridis
1338 551 1399 604 (et
1440 550 1638 604 Henetis)

236 621 470 663 constabat.
532 620 844 675 Agamemnoni
876 623 923 660 ut
957 620 1113 660 ducum
1143 620 1323 674 principi
1362 620 1635 660 conveniunt:

146 690 227 731 127
355 691 408 732 V.
444 717 500 721 —-
530 689 601 730 Ad
631 690 837 744 populum
870 689 1069 743 intellego

445 758 736 801 Referundum
768 760 968 813 quoniam
995 759 1149 799 horum
1180 757 1371 812 aequiter
1403 757 1638 798 sententiae
1688 765 1691 767 ’

446 828 587 870 Fuere
620 856 675 860 ——

314 1153 368 1194 V.
420 1151 891 1193 ASTYANAX
942 1151 1084 1191 sive
1135 1150 1556 1194 TROADES.

355 1279 424 1321 Cf.
456 1279 664 1321 Diintzer.
697 1279 740 1319 in
772 1278 1101 1319 Zimmerl‘nanni
1133 1278 1379 1319 Zeitschrift
1407 1278 1436 1320 f.
1461 1279 1549 1319 Alt.
1573 1280 1637 1320 W.

244 1348 353 1391 1837
384 1365 427 1405 p.
460 1348 516 1390 48
548 1364 608 1402 sq,
672 1348 885 1390 Welcker,
920 1351 974 1390 tr.
1008 1346 1085 1389 Gr.
1118 1363 1159 1402 p.
1199 1348 1291 1389 173.

351 1429 517 1477 Achivi,
552 1444 682 1483 quum
704 1430 877 1470 Troiam
901 1429 1110 1484 cepissent
1138 1431 1180 1468 et
1202 1428 1464 1469 devastaturi
1486 1430 1637 1475 essent,

235 1500 453 1547 timentes,
486 1513 537 1539 ne
565 1500 658 1553 quis
688 1502 840 1554 postea
870 1499 1010 1553 regiae
1042 1498 1186 1552 stirpis
1218 1513 1350 1552 regno
1388 1499 1639 1552 recuperato

237 1571 279 1609 et
331 1567 436 1608 urbe
486 1568 537 1608 de
579 1568 746 1622 integro
803 1567 1022 1608 aedificata
1065 1567 1203 1608 ultum
1257 1567 1337 1608 iret
1379 1567 1639 1608 eversionem

235 1638 414 1692 patriae,
447 1639 496 1677 ut
529 1635 710 1678 Calchas
740 1637 995 1677 vaticinatus
1028 1640 1119 1677 erat
1149 1635 1287 1691 (Serv.
1322 1636 1376 1676 ad
1405 1636 1530 1691 Virg.
1559 1635 1638 1677 Ae.

240 1706 305 1749 11.
338 1706 470 1760 457),
503 1706 723 1747 consilium
757 1708 959 1761 ceperunt
990 1706 1154 1761 prolem
1182 1706 1346 1747 Priami
1377 1704 1640 1760 exstirpandi

237 1779 279 1816 et
300 1775 610 1831 Astyanactem
632 1775 834 1815 Hectoris
866 1777 907 1814 et
929 1774 1257 1815 Andromachae
1278 1774 1411 1814 filium
1444 1774 1496 1814 de
1517 1790 1639 1815 muro

235 1845 633 1900 praecipitaverunt.
670 1843 737 1885 Cf.
775 1844 937 1898 Hygin.
961 1843 989 1884 s.
1015 1843 1107 1885 109.
1151 1844 1299 1884 Ulixes
1322 1858 1417 1884 eum
1441 1844 1640 1884 deiecisse

236 1914 423 1954 traditur
472 1928 496 1954 a
535 1912 653 1954 Serv.
700 1913 754 1952 ad
794 1913 915 1967 Virg.
955 1912 1032 1954 Ae.
1073 1912 1110 1953 3.
1152 1911 1257 1961 489,
1303 1912 1525 1953 Menelaus
1574 1912 1640 1953 vel

235 1983 429 2037 Pyrrhus
467 1998 492 2022 a
538 1983 681 2023 Tzetz.
727 1982 781 2021 ad
827 1981 1043 2036 Lycophr.
1098 1981 1219 2023 1263.
1282 1981 1397 2021 Nihil
1438 1981 1551 2040 aliud
1588 1982 1640 2022 de

235 2052 499 2107 Astyanacte
531 2066 582 2091 ex
604 2053 796 2091 veterum
829 2049 1108 2105 scriptoribus
1131 2053 1399 2105 compertum
1420 2049 1638 2098 habemus,

237 2120 352 2174 quod
380 2120 433 2160 ad
462 2120 570 2161 hanc
605 2119 872 2174 tragoediam
913 2120 1124 2174 pertinere
1156 2120 1305 2174 possit.
1366 2119 1479 2159 Illud
1515 2119 1638 2167 enim,

237 2189 352 2243 quod
388 2189 576 2229 nonnulli
616 2187 922 2243 mythographi
958 2186 1097 2241 (Serv.
1131 2188 1185 2228 ad
1214 2188 1337 2243 Virg.
1369 2188 1447 2230 Ae.
1482 2187 1520 2229 9.
1555 2187 1639 2228 264

241 2258 333 2300 coll.
376 2257 542 2299 Ciofan.
580 2258 622 2297 in
654 2257 718 2297 ed.
749 2256 896 2297 Burm.
939 2255 1067 2298 Ovid.
1099 2257 1280 2298 Metam.
1326 2256 1389 2298 13.
1423 2257 1526 2311 415)
1557 2259 1640 2297 tra-

237 2326 364 2375 dunt,
396 2326 599 2367 Hectoris
630 2326 763 2366 filium
794 2328 944 2380 postea
964 2340 1144 2381 regnum
1175 2325 1409 2366 Troianum
1439 2325 1638 2373 tenuisse,

238 2396 461 2449 quominus
508 2395 559 2436 ab
605 2395 729 2436 Attio
779 2398 997 2449 arreptum
1047 2409 1137 2435 esse
1182 2396 1416 2443 statuatur,
1460 2394 1640 2449 impedit

352 2580 391 2614 V,
433 2580 519 2612 Non.
547 2591 577 2621 p.
606 2582 683 2614 512.
710 2581 765 2614 20,
822 2581 985 2624 Aequum·
1014 2591 1082 2622 pro
1121 2591 1238 2623 aeque,
1292 2579 1413 2610 Accius
1452 2579 1640 2609 Antenori-

238 2636 308 2668 [lm
342 2656 418 2660 ·—-—
437 2665 444 2672 .
474 2637 575 2669 Deest
604 2638 818 2679 participium
847 2636 988 2680 aliquod
1019 2636 1104 2678 perf.
1140 2647 1227 2677 pass.
1263 2647 1292 2669 v.
1320 2647 1352 2678 g.
1379 2635 1510 2671 dictae,
1540 2634 1637 2667 latae.
