1846 3136
1553 164 1607 205 65

422 264 512 316 QUO
543 280 625 302 sese
658 276 806 303 vertant
837 276 967 304 [alitae
999 274 1122 303 SOFtCS
1155 270 1358 305 ῙΟΙῙΙΙΝΟΗΙΙΙ.

424 332 484 370 lbi
511 348 558 371 ex
590 334 719 372 oraclo
754 349 842 372 voce
873 334 1006 373 divina
1036 334 1153 372 edidit

421 402 592 455 Apollo,
620 418 812 456 puerum,
842 406 996 456 primas
1026 402 1185 441 Priamo
1216 407 1284 456 qui
1301 406 1414 458 foret

421 471 519 507 Post
548 471 616 509 illa
647 482 762 510 natas
793 479 1025 526 temperaret
1055 473 1212 509 tollere:

423 541 521 577 Eum
553 554 636 578 esse
667 544 828 579 exitium
870 542 1008 579 Troiae
1034 551 1182 596 pestem
1217 542 1426 595 Pergamo.

207 609 294 645 Sint
326 607 419 646 haec
451 618 491 645 ut
521 608 626 657 dixi,
664 612 817 648 somnia
840 609 1073 664 fabularum
1115 631 1165 638 —
1206 634 1263 640 --—
1304 610 1383 648 Sed
1418 616 1607 668 propiora

210 676 419 715 videamus.
487 677 701 716 Cuiusnam
734 678 839 716 modi
868 688 924 716 est
954 677 1125 732 Superbi
1159 680 1363 732 Tarquinii
1399 685 1604 731 somnium,

204 744 253 782 de
283 761 358 799 quo
390 748 429 783 in
456 746 584 783 Bruto
615 748 762 786 Accii
789 747 958 800 loquitur
989 749 1074 800 ipse
1099 746 1198 787 cett.

320 811 503 854 Bothius
533 812 630 867 (inc.
669 812 867 853 incertor.
900 812 959 867 3.)
998 815 1043 854 et
1081 828 1177 855 eum
1218 819 1388 857 secutus
1420 815 1605 860 Orellius

203 894 351 922 versus
388 881 502 931 illos,
544 896 652 936 quos
688 882 1008 938 exscripsimuS,
1057 897 1110 924 ex
1156 883 1269 925 Attii
1309 884 1490 927 Hecuba
1539 886 1606 928 de-

203 952 428 1006 promptos
445 965 535 992 esse
556 950 872 1000 iudicaverunt3
903 951 976 992 sed
994 952 1279 994 certissimum
1299 953 1402 995 mihi
1421 955 1604 1006 videtur,

201 1032 275 1060 eos
296 1019 440 1074 potius
460 1019 623 1061 Ennii
647 1019 956 1062 Alexandro
978 1019 1229 1063 tribuendos
1252 1036 1355 1073 esse,
1389 1038 1473 1078 quo
1494 1025 1605 1067 teste

201 1087 398 1130 Varrone
427 1089 481 1131 L.
519 1089 573 1132 L.
616 1089 655 1132 7.
695 1088 751 1131 82
790 1089 1012 1145 Euripidis
1055 1089 1200 1132 fabula
1236 1093 1499 1146 cognominis
1537 1107 1604 1135 ex-

200 1172 348 1212 pressa
376 1160 481 1201 erat.
541 1158 738 1201 Primum
773 1174 859 1200 non
894 1161 959 1200 est
990 1161 1431 1215 praetermittendum,
1461 1162 1603 1218 ipsum

202 1225 453 1268 Ciceronem
494 1227 579 1268 iam
617 1227 803 1269 indicare
838 1242 985 1269 versus
1028 1243 1118 1270 esse
1160 1228 1466 1280 Ennianos3
1504 1246 1603 1273 nam

199 1310 284 1337 non
323 1296 460 1337 solum
482 1296 697 1352 extemplo
724 1299 824 1352 post
853 1296 1143 1352 fragmentum
1172 1298 1331 1340 Ennii
1368 1298 1600 1342 Annalium

198 1365 464 1415 inseruntur,
496 1366 572 1406 sed
599 1367 727 1407 etiam
756 1366 900 1423 paullo
930 1369 1042 1422 post,
1073 1366 1147 1408 ubi
1183 1382 1329 1409 versus
1366 1368 1602 1411 afferuntur

198 1447 251 1474 ex
281 1434 423 1476 Bruto
460 1434 630 1485 Attii,
661 1433 774 1477 hunc
806 1434 959 1477 Cicero
989 1436 1241 1477 nominatim
1269 1436 1452 1486 exhibet,
1485 1438 1601 1492 quod

197 1506 313 1545 certe
351 1518 438 1545 non
476 1503 668 1554 fecisset,
711 1506 747 1546 si
783 1519 930 1547 versus
973 1505 1275 1560 praecedentes
1320 1520 1374 1548 ex
1412 1507 1601 1550 eiusdem

196 1573 420 1628 tragoedia
450 1573 593 1628 aliqua
622 1573 838 1630 desumpti
869 1573 1061 1617 fuissent.
1083 1573 1172 1629 (Cf.
1205 1573 1330 1618 Orat.
1352 1574 1410 1617 46
1441 1575 1508 1620 all.
1537 1577 1601 1632 Π.)

194 1641 308 1683 Tum
334 1656 437 1683 vero
466 1643 638 1698 gravius
669 1645 971 1698 argumentum
1001 1643 1125 1685 offert
1151 1643 1316 1699 Hygini
1352 1644 1497 1687 fabula
1526 1645 1597 1695 91,

196 1725 280 1766 qua
324 1713 448 1752 extra
496 1711 674 1753 dubium
716 1712 806 1754 fere
858 1712 1054 1768 ponitur,
1098 1712 1334 1754 Alexandri
1377 1714 1596 1756 cuiusdam

194 1780 441 1836 tragoediae
462 1795 553 1822 esse
583 1781 688 1822 illud
713 1781 1015 1838 fragmentum,
1047 1796 1173 1836 quem
1199 1782 1363 1823 nullum
1390 1783 1596 1826 Latinum

193 1851 388 1904 poetam,
440 1850 521 1891 nisi
570 1850 776 1901 Ennium,
831 1851 1012 1892 edidisse
1063 1853 1242 1893 constat.
1303 1851 1422 1907 Hyg.
1472 1852 1500 1895 l.
1551 1865 1593 1894 c:

192 1919 436 1960 Alexander.
497 1923 684 1960 Priamus
734 1923 1009 1961 Laomedontis
1041 1922 1158 1975 filias
1209 1938 1325 1975 qaam
1378 1924 1596 1977 complures

192 1989 334 2027 liberos
372 1989 527 2028 haberet
556 2004 605 2027 ex
636 1991 837 2029 concubitu
869 1991 1068 2034 Hecubae,
1110 1990 1239 2030 Ciues
1274 2006 1355 2029 sive
1383 1992 1595 2030 Damantis

188 2058 299 2107 filiae
329 2072 429 2096 uxor
460 2061 541 2096 eius
568 2073 862 2113 praegnans
893 2063 940 2098 in
971 2061 1134 2112 quiete
1167 2059 1323 2104 vidit,
1355 2074 1405 2097 se
1422 2059 1591 2114 facem

190 2127 440 2165 ardentem
486 2142 694 2181 parere,
745 2142 794 2166 ex
837 2143 914 2182 qua
955 2138 1151 2182 serpentes
1198 2129 1393 2181 plurimos
1437 2129 1590 2166 exiisse.

195 2195 244 2234 ld
273 2199 395 2234 visam
428 2195 606 2234 omnibus
628 2197 907 2235 coniectoribus
939 2211 1055 2250 quum
1087 2206 1287 2234 narratam
1320 2206 1437 2240 esset,
1467 2198 1590 2250 impe-

192 2249 301 2312 rant,
340 2264 529 2318 quidquid
553 2275 734 2319 pareret,
775 2275 955 2303 necarent
988 2279 1035 2302 ne
1064 2264 1107 2302 id
1137 2267 1295 2317 patriae
1324 2266 1445 2301 exitio
1463 2264 1589 2318 foret.

191 2334 404 2386 Postquam
437 2332 598 2370 Hecuba
624 2335 777 2387 peperit
807 2331 1096 2379 Alexandrum,
1131 2332 1247 2369 datur
1278 2330 1588 2384 interficiendus,-

189 2416 300 2452 qaem
332 2401 517 2439 satellites
547 2401 815 2440 misericordia
844 2411 1107 2454 exposuerant
1138 2399 1237 2440 cett.

302 2465 441 2509 Iidem
460 2466 541 2509 viri
567 2465 683 2509 docti
707 2466 948 2522 fragmenta
967 2465 1171 2507 Hecubae
1197 2465 1401 2507 Attianae
1429 2463 1588 2507 habent

188 2549 354 2585 versuo,
396 2535 469 2590 qui
498 2536 588 2577 sine
622 2535 792 2577 nomine
820 2537 976 2590 poetae
1004 2534 1048 2575 in
1083 2534 1232 2577 eodem
1274 2532 1494 2576 Ciceronis
1533 2532 1587 2575 de

186 2604 445 2648 divinatione
472 2603 582 2646 libro
610 2603 756 2660 paullo
784 2606 885 2659 post
914 2603 1113 2658 leguntur

186 2675 230 2728 a)
262 2673 298 2717 1.
329 2672 399 2716 31.
430 2671 499 2717 66.
529 2672 676 2728 (Both.
707 2672 786 2716 inc.
818 2672 1016 2716 incertor.
1049 2670 1132 2726 4.):
