1856 3027
763 597 1120 652 ILIliaS.

557 720 1320 765 PRAEMONITUM.

358 835 468 878 Sunt
500 838 571 891 qui
593 839 843 887 censuerint,
875 839 1046 880 Attium
1076 839 1316 880 universam
1338 839 1519 881 Homeri
1547 839 1642 881 Ilia-

239 905 335 946 dem
354 906 397 946 in
412 906 578 947 fabulas
596 909 780 949 scenicas
798 909 1068 950 convertisse.
1111 908 1438 964 Nieberdingius
1455 909 1642 951 libellum

239 975 393 1016 edidit:
440 976 540 1016 Ilias
571 977 753 1018 Homeri
792 977 845 1018 ab
875 979 927 1020 L.
960 977 1085 1019 Attio
1121 979 1164 1018 in
1196 978 1391 1019 dramata
1427 993 1641 1021 conversa.

237 1044 392 1100 Progr.
438 1043 603 1088 Conitz.
656 1045 767 1088 1838
812 1047 876 1089 ed.
909 1047 1090 1096 Iunker‚
1135 1048 1178 1088 in
1225 1062 1309 1101 quo
1351 1047 1644 1089 demonstrare

238 1117 416 1155 conatus
457 1117 541 1164 est,
588 1116 907 1170 tragoediarum
936 1116 1211 1157 Attianarum
1252 1117 1422 1158 nomina
1462 1119 1504 1158 et
1534 1116 1643 1173 frag-

237 1186 381 1224 menta
399 1183 497 1225 huic
519 1185 750 1226 sententiae
772 1186 1083 1227 accommodari
1105 1200 1243 1241 posse.
1289 1185 1375 1227 Sed
1397 1185 1598 1227 abhorret
1620 1201 1645 1227 a

237 1253 614 1303 vensimilitudine,
647 1255 854 1309 siquidem
896 1255 1137 1310 fragmenta
1167 1258 1283 1296 recte
1313 1255 1644 1296 intellexerimus

237 1323 418 1377 indeque
449 1326 701 1379 argumenta
731 1324 1010 1380 probabiliter
1031 1325 1441 1381 investigaverimus
1466 1352 1523 1357 —-
1543 1325 1643 1366 Per-

238 1392 324 1433 SiUS
357 1394 435 1434 sat.
473 1392 515 1435 1.
549 1392 628 1434 30:
677 1412 753 1433 non
795 1397 876 1434 lzeic
925 1408 980 1435 est
1013 1399 1108 1435 Ilias
1146 1398 1272 1436 Acci?
1315 1393 1402 1446 Qui
1442 1393 1561 1435 lOCUS
1592 1408 1644 1435 ne

237 1462 290 1503 de
317 1464 466 1504 nostro
497 1462 773 1518 intelligatur,
806 1463 1057 1518 scholiastae
1079 1464 1397 1505 annotationem
1419 1463 1641 1505 adscribo:

236 1537 381 1573 Accius
412 1535 570 1584 Labeo,
612 1533 698 1579 ait,
727 1542 843 1589 poeta
874 1536 1053 1573 indoctus
1086 1537 1201 1589 fuit,
1249 1540 1316 1588 qui
1357 1535 1516 1572 Iliadem
1558 1538 1641 1573 Ho-

237 1605 336 1640 meri
374 1603 546 1641 versibus
575 1605 810 1658 foedissime
854 1607 1102 1658 composuit,
1143 1609 1197 1642 ila
1230 1614 1270 1641 ut
1302 1619 1369 1641 nec
1401 1607 1483 1654 ipse
1523 1610 1639 1658 poeta

236 1672 511 1722 intellexisset,
560 1676 638 1710 nisi
678 1672 868 1710 helleboro
901 1684 1156 1726 purgaretur.
1218 1671 1339 1712 Iden]
1370 1670 1424 1711 ad
1465 1670 1640 1711 eandem

236 1739 314 1780 sat.
346 1753 385 1780 V.
417 1737 467 1779 4:
509 1741 750 1789 Labeonem,
786 1744 877 1795 quia
901 1741 1029 1779 Labeo
1051 1743 1250 1780 transtulit
1274 1742 1405 1780 Iliada
1438 1752 1470 1779 el
1509 1742 1641 1793 Odys-

235 1824 340 1846 seatn
385 1810 537 1848 verbum
582 1826 629 1848 ex
673 1811 808 1859 verbo,
851 1811 1012 1848 ridicule
1050 1813 1188 1856 satl's„
1214 1811 1319 1864 quod
1360 1811 1474 1849 verba
1508 1814 1641 1864 polius

236 1892 349 1930 quam
384 1894 536 1916 sensum
569 1890 721 1916 seculus
755 1887 824 1919 est.
887 1882 985 1917 Eius
1018 1886 1075 1915 est
1106 1881 1169 1916 ille
1203 1895 1363 1917 versus:

356 1947 529 1986 Crudum
564 1948 771 1985 manduces
804 1950 1005 1986 Priamum
1040 1947 1263 2000 Priamique
1291 1951 1484 2001 pisinnos.

234 2013 385 2055 Iahnio
425 2016 519 2055 tota
559 2014 664 2056 haec
703 2015 858 2056 notitia
902 2014 1026 2055 valde
1067 2014 1229 2054 incerta
1273 2013 1476 2063 videtur‚·
1510 2029 1642 2068 quum

236 2083 463 2131 scholiasta
493 2084 724 2125 admodum
763 2085 984 2139 suspectae
1023 2083 1121 2124 fidei
1153 2083 1220 2125 sit.
1283 2083 1557 2124 Heinrichius
1588 2083 1642 2123 ad

234 2152 355 2195 Pers.
387 2168 429 2208 p.
472 2152 528 2194 87
559 2154 738 2195 Accium
780 2153 991 2208 quendam
1021 2153 1159 2195 Persii
1203 2152 1421 2207 aequalem
1451 2152 1492 2194 h.
1524 2152 1551 2194 l.
1584 2153 1641 2192 in-

234 2221 511 2277 telligendum
542 2237 633 2264 esse
664 2224 844 2265 coniicit.

350 2291 519 2333 Deinde
573 2293 763 2334 nonnulli
814 2292 1059 2347 (praecipue
1112 2289 1366 2346 Schoellius)
1409 2289 1641 2346 tragoediis

234 2361 346 2402 Attii
373 2361 609 2403 Briseidem
641 2362 880 2403 addendam
912 2376 1003 2402 esse
1034 2361 1195 2416 opinati
1218 2364 1329 2403 sunt.
1376 2360 1496 2402 Pers.
1530 2359 1640 2401 enim

236 2432 313 2472 sat.
352 2430 387 2473 1.
422 2430 498 2472 76:

354 2505 425 2539 Est
460 2519 559 2540 nunc
594 2505 748 2540 Brisaei
778 2518 887 2556 quem
924 2518 1084 2540 venosus
1118 2502 1212 2539 lilter
1246 2505 1332 2539 Alli

355 2573 454 2608 Sunt
488 2587 582 2624 quos
615 2573 887 2625 Pacuviusque
919 2582 951 2608 et
988 2586 1193 2608 verrucosa
1224 2581 1392 2607 mot-elur

351 2641 543 2693 Antiopa.
