1846 3136
1527 168 1581 208 55

442 336 519 377 IV.
582 334 1323 379 ANTENORIDAE.

305 449 372 492 Cf.
421 450 633 492 WVelcker.
678 454 731 493 tr.
786 449 863 493 Gr.
920 466 961 506 p.
1014 450 1095 492 166
1149 466 1209 506 sq.
1256 451 1435 495 Schoell.
1490 455 1582 497 Bei-

187 523 309 575 tfidge
340 535 381 575 p.
415 519 499 561 437
532 534 593 575 sq.

304 611 445 653 Solius
480 611 702 668 Sophoclis
734 626 787 654 ex
826 613 998 668 tragicis
1032 611 1208 655 Graecis
1249 615 1405 656 citatur
1442 616 1583 658 fabula

185 680 308 721 huius
340 681 520 721 nominis
542 684 585 722 et
615 696 667 721 ex
699 695 748 722 ea
766 681 937 722 Attium
965 680 1155 723 hausisse
1181 688 1482 738 argumentum
1512 686 1583 726 vix

185 750 361 791 dubium
391 751 650 792 intercedere
681 753 836 806 potest.
902 749 986 792 Sed
1018 766 1149 805 quum
1179 752 1418 808 fragmenta
1448 769 1583 809 pauca

185 820 269 860 sint
300 822 343 860 et
375 821 527 875 exigua
557 821 628 874 (ex
661 819 871 875 Sophocle
911 835 1019 861 unus
1060 823 1358 864 tantummodo
1396 823 1580 864 sincerus

183 889 372 929 senarius
405 892 594 930 servatus
627 892 713 938 est,
743 890 863 944 isque
893 889 1048 931 nullius
1079 891 1250 945 indicii),
1283 894 1581 947 argumentum

184 957 477 999 difficillimum
520 961 584 1000 est
629 958 866 1014 exploratu,
928 958 1028 1000 Una
1069 975 1121 1001 ex
1159 962 1282 1015 parte
1323 964 1486 1002 certum
1517 964 1582 1002 est

182 1042 234 1067 ex
266 1031 520 1082 argumento
553 1026 776 1083 Sophoclis
807 1028 971 1077 Aiacis,
1011 1028 1199 1070 fabulam
1229 1029 1360 1070 fuisse
1394 1033 1582 1083 Τρωϊκῆς

183 1097 485 1148 πραγματείας,
535 1097 690 1145 altera,
732 1097 963 1138 Antenoris
1000 1097 1182 1138 filiorum
1223 1113 1290 1139 res
1332 1101 1472 1154 gestas
1510 1099 1581 1139 mi-

180 1179 304 1205 nores
351 1179 463 1213 esse,
512 1180 639 1219 quam
684 1169 732 1206 ut
762 1166 1006 1221 tragoediae
1037 1170 1335 1221 argumentum
1379 1167 1581 1223 praebere

180 1234 410 1288 potuerint.
473 1233 740 1275 Novissimus
791 1233 1014 1290 Sophoclis
1062 1235 1399 1291 fragmentorum
1442 1237 1580 1278 editor

179 1302 415 1343 Ahrensius
445 1303 528 1357 (ed.
551 1303 804 1359 Didotiana)
830 1319 872 1359 p.
905 1304 990 1346 274
1022 1305 1231 1359 exposuit,
1263 1308 1312 1346 ut
1340 1305 1462 1346 nobis
1494 1307 1579 1361 qui-

179 1372 275 1412 dem
306 1372 493 1419 videtur,
531 1373 583 1412 de
616 1387 781 1413 summa
809 1373 934 1414 huius
974 1373 1141 1414 fabulae
1185 1376 1226 1414 et
1263 1374 1507 1430 simpliciori
1537 1378 1579 1416 et

179 1441 460 1482 verisimiliori
501 1442 649 1490 modo,
694 1457 820 1495 quam
850 1442 1057 1491 Bothius,
1099 1443 1370 1491 Welckerus‚
1412 1443 1579 1485 Schoel-

178 1511 271 1552 lius.
334 1510 525 1551 Maxime
556 1524 718 1551 errasse
749 1525 897 1552 censeo
931 1510 1211 1561 Schoellium,
1245 1513 1318 1567 qui
1348 1512 1578 1569 Nyctegre-

177 1580 283 1620 siam
324 1594 420 1620 cum
458 1579 735 1621 Antenoridis
775 1581 1029 1636 coniungere
1072 1582 1249 1623 studuit.
1311 1581 1393 1624 Est
1434 1585 1576 1624 autem

177 1649 387 1689 sententia
416 1647 634 1697 Ahrensii,
680 1652 979 1704 argumentum
1006 1650 1368 1692 Antenoridarum
1406 1652 1448 1692 in
1487 1667 1577 1694 eva-

177 1717 294 1759 sione
323 1718 554 1758 Antenoris
596 1718 769 1772 eiusque
808 1719 992 1761 filiorum
1034 1733 1087 1760 ex
1116 1719 1270 1760 Troiae
1310 1721 1502 1763 incendio
1534 1724 1577 1763 et

176 1801 273 1827 cum
313 1786 492 1827 Henetis
539 1787 582 1826 in
628 1787 854 1828 Venetiam
903 1787 1166 1843 profectione
1209 1792 1425 1831 versatum
1471 1805 1573 1833 esse.

179 1854 268 1895 Τὸν
297 1856 372 1907 μὲν
403 1851 476 1895 οὖν
502 1853 744 1908 Ἀντήνορα
784 1857 847 1895 καὶ
887 1856 982 1904 τοὺς
1013 1859 1162 1905 παῖδας
1191 1858 1295 1910 μετὰ
1326 1863 1409 1898 τῶν
1439 1876 1573 1913 παρα-

174 1924 398 1976 γενομένων
431 1921 605 1964 “Ενετῶν
645 1926 698 1971 εἷς
740 1923 816 1977 τὴν
850 1923 1018 1981 Θρᾴκην
1060 1930 1355 1980 περισωθῆναι·
1388 1926 1576 1968 κάκεῖθεν

176 1994 378 2031 διαπεσεῖν
420 1993 473 2038 εἷς
518 1990 594 2043 τὴν
634 1992 852 2045 λεγομένην
897 1993 1001 2034 κατὰ
1043 1992 1115 2033 τὸν
1141 1991 1325 2047 εΑὸρίαν
1350 1993 1573 2048 (Ενετικήν,

174 2060 326 2115 Polyb.
360 2060 399 2102 2.
437 2060 501 2102 17.
535 2059 584 2101 G:
630 2061 734 2113 Περὶ
770 2054 826 2100 ‹Sv
863 2060 900 2100 οἷ
932 2062 1287 2117 τραγῳδιογράᾳοι
1328 2063 1456 2106 πολύν
1485 2080 1575 2103 τινα

175 2130 411 2181 πεποίηνται
444 2128 566 2181 λόγον
593 2130 656 2168 καὶ
691 2128 844 2181 πολλὴν
876 2130 1127 2170 διατίθενται
1162 2133 1382 2184 τερατείαν.
1415 2132 1575 2180 „Troia

174 2200 327 2252 capta“
368 2198 505 2251 inquit
543 2197 779 2238 Ahrensius
820 2198 847 2240 l.
871 2213 905 2240 c.
939 2198 1010 2247 „in
1045 2213 1128 2252 qua
1158 2199 1352 2241 Antenor
1385 2200 1573 2242 Graecos

174 2256 355 2307 multum
394 2267 582 2307 adiuvit“
621 2267 839 2320 (Eustath.
871 2283 913 2322 p.
944 2267 1053 2308 405:
1097 2271 1312 2322 Σοφοκλῆς
1352 2269 1509 2322 ἱστορεῖ
1533 2271 1574 2310 ἕν

173 2331 322 2375 ἁλώσει
350 2334 479 2374 Ἰλίου
511 2335 745 2387 παρδαλέην
767 2340 840 2388 τῆς
869 2335 1006 2389 θύρας
1028 2340 1280 2390 προιεθῆναι
1313 2341 1388 2380 τοῦ
1414 2336 1571 2390 ’Λντή-

176 2418 294 2453 ιὀρος
324 2401 532 2453 σι’μβολον
564 2407 634 2443 τοῖ
659 2402 905 2457 ὅπόρθητον
936 2405 1111 2457 ἕαθῆιάι
1143 2403 1217 2456 τὴν
1249 2405 1410 2459 οἷκιάν·)
1441 2406 1574 2459 „quid

176 2471 330 2511 mirum
360 2470 464 2519 fuit,
507 2471 677 2524 quando
709 2471 761 2511 de
801 2473 978 2526 captivis
1019 2473 1071 2512 de
1100 2473 1234 2526 iisque
1277 2473 1347 2527 qui
1377 2473 1572 2515 hostibus

175 2540 333 2580 auxilio
364 2539 545 2588 fuerant,
583 2555 607 2580 a
630 2538 805 2581 Graecis
838 2541 939 2594 quid
970 2540 1020 2580 iis
1050 2540 1290 2582 faciendum
1322 2545 1445 2590 esset,
1479 2557 1573 2584 con-

175 2608 455 2656 stituebatur,
503 2608 537 2648 si
573 2607 863 2650 Antenoridae
910 2610 1100 2664 praemia
1141 2613 1364 2666 poscerent
1409 2611 1573 2652 urbem-

176 2691 256 2730 que
293 2677 610 2717 instaurandam
644 2679 862 2732 pcterent‚
906 2678 1024 2719 cuius
1056 2693 1140 2719 una
1179 2679 1250 2720 illa
1280 2679 1431 2721 domus
1463 2680 1573 2723 inco-
