1846 3136
81 277 149 321 26.

80 566 150 608 27.

79 784 149 828 28.

78 1143 146 1188 29.

1518 175 1572 220 ’17

289 278 372 320 ΙΧ.
423 278 588 330 Quodsi
634 282 681 320 ut
722 279 866 321 decuit
894 280 1030 321 stares
1064 294 1226 321 mecum
1259 284 1332 321 aut
1376 280 1492 322 meus
1531 284 1573 324 te

600 348 833 390 moertaret
864 348 986 389 dolor

413 416 515 458 'Iam
546 418 622 459 diu
649 417 949 458 inflammarier
980 433 1025 459 re
1055 418 1184 458 nirves
1225 418 1430 460 vidissent
1461 433 1573 463 suas,

175 485 287 529 Cum
318 486 469 541 quibus
499 486 620 528 facile
649 488 986 543 coniunguntur:

290 567 352 610 X.
382 567 495 624 ‘Ego
528 583 594 610 me
625 583 710 610 non
740 568 937 623 peccasse
968 568 1093 623 plane
1115 568 1340 610 ostendam
1372 571 1448 610 aut
1477 583 1573 625 poe-

595 652 670 678 nas
703 636 913 680 sufferam.

172 705 262 748 Ubi
289 705 475 748 Achilles
505 706 620 748 nullo
651 706 779 748 modo
809 706 920 748 flecti
949 708 1117 762 potest,
1149 707 1348 748 irascitur
1378 707 1513 748 Aiax:

287 787 372 829 XI.
413 787 509 828 Tua
539 787 817 829 honestitudo
847 786 1026 828 Danaos
1058 787 1224 842 decepit
1255 786 1341 828 diu.

170 855 316 898 Rebus
360 855 626 898 Graecorum
669 857 804 912 magis
845 856 974 898 etiam
1020 857 1064 897 in
1112 856 1337 897 discrimen
1377 856 1573 898 adductis

171 926 303 968 statui
332 940 413 981 par
443 929 508 968 est
539 941 634 968 cum
656 926 920 975 Hermanno,
952 926 1153 966 nuncium
1183 925 1364 980 aliquem
1396 926 1572 975 venisse,

170 996 244 1050 qui
283 995 335 1036 de
373 995 424 1036 iis
464 998 708 1051 exponeret.
769 994 873 1036 Fuit
910 994 1092 1036 fortasse
1121 995 1373 1052 Eurypylus
1402 994 1572 1050 (11.11.

171 1064 256 1107 580
288 1065 370 1119 sq.)
430 1063 605 1107 Gaudet
634 1064 840 1114 Achilles,
875 1064 990 1119 quod
1019 1064 1198 1106 Atridae
1229 1064 1530 1107 succumbunt:

284 1146 393 1189 XII.
424 1173 481 1178 ——
511 1146 582 1187 An
613 1145 782 1201 sce'ptra
810 1146 895 1186 iam
924 1145 1130 1187 flaccent‘?
1186 1145 1340 1187 Ferat!

169 1214 281 1258 Nam
320 1215 587 1271 Agamemno
627 1216 800 1271 insuper
840 1217 904 1256 est
944 1214 1192 1256 vulneratus
1232 1215 1413 1270 (11.11.
1454 1213 1573 1270 233.)

170 1284 259 1327 Ubi
298 1284 534 1342 periculum
574 1285 779 1334 accrevit,
817 1283 1009 1326 Patrocli
1049 1284 1224 1325 tandem
1255 1286 1298 1327 et
1335 1284 1572 1341 Myrmido-

170 1370 294 1404 num,
338 1355 409 1409 qui
441 1354 513 1395 diu
550 1354 634 1395 iam
664 1355 908 1396 certaminis
948 1353 1209 1409 cupidissimi
1249 1356 1370 1395 erant
1399 1353 1467 1409 (Il.
1504 1353 1570 1397 16.

170 1423 255 1466 203
287 1425 388 1479 sq.)‚
430 1423 627 1480 precibus
657 1423 844 1465 Achilles
884 1423 1007 1465 cedit.
1069 1422 1176 1464 Eius
1217 1422 1272 1465 ad
1302 1423 1484 1464 amicum
1518 1422 1572 1465 de

167 1493 526 1550 Myrmidonibus,
560 1494 631 1548 qui
651 1492 900 1534 Patroclum
930 1493 1014 1533 iam
1042 1506 1155 1533 nunc
1185 1491 1399 1534 malebant
1419 1492 1570 1535 ducem

167 1561 324 1605 habere
355 1577 482 1618 quam
512 1561 721 1605 Achillem
751 1562 1029 1618 pertinacem,
1063 1560 1192 1603 verba
1224 1561 1452 1603 habemus:

287 1760 339 1794 lv,
375 1759 461 1794 Non.
488 1770 519 1802 p.
550 1762 623 1795 137.
651 1761 705 1795 33.
759 1761 931 1793 Merum-ec
952 1773 1020 1804 pro
1047 1769 1229 1793 merentem
1243 1759 1399 1803 fuceret.
1444 1762 1570 1794 Accius

169 1816 469 1861 Myrmidonibus:
504 1817 604 1862 quod
625 1818 675 1850 sic
706 1825 741 1850 ut
766 1816 881 1849 decuit
912 1819 1037 1850 istm-es
1063 1830 1190 1851 mecum
1221 1826 1285 1851 αιιε
1318 1829 1411 1850 meus
1436 1826 1566 1850 merta-

169 1883 268 1907 rar-et
291 1873 398 1907 dolor
422 1876 449 1909 I.
475 1874 509 1910 cl.
534 1874 753 1918 z'tfiammari
786 1883 817 1907 et
843 1887 880 1907 re
905 1876 1008 1907 navis
1033 1888 1060 1911 ν,
1084 1888 1111 1911 ε,
1148 1876 1340 1915 (moer-uret
1366 1881 1445 1908 ante
1469 1875 1500 1908 Α
1526 1893 1567 1899 -

169 1931 319 1964 hiscares
362 1937 567 1975 compuncto
603 1932 626 1964 Ιι
658 1931 694 1969 L,
728 1950 773 1957 —
805 1940 980 1965 moeraret
1021 1939 1100 1966 ante
1138 1933 1197 1974 A.)
1232 1932 1471 1976 Corruptelam
1515 1933 1570 1965 hic

169 2000 245 2022 esse
269 1989 360 2022 idem
397 1989 483 2025 Non.
510 1990 721 2023 demonstrat
746 2001 777 2033 p.
806 1991 882 2026 139.
909 1990 950 2024 2:
1004 1992 1174 2024 Mer-taret
1200 1999 1381 2034 mer-geret.
1411 2002 1429 2023 e
1459 1996 1492 2023 et
1518 2001 1569 2023 ae

168 2058 273 2091 saepe
298 2059 317 2081 a
353 2047 502 2080 librariis
529 2047 806 2088 confunduntur3
845 2048 900 2082 hic
934 2059 1071 2092 quoque
1106 2048 1325 2081 scribendum
1360 2057 1486 2082 maert.
1512 2049 1568 2081 vel

168 2113 304 2145 moen„
320 2110 357 2138 ut
372 2106 417 2137 sit
441 2105 633 2138 derivatum
659 2106 949 2150 frequentativum
970 2118 988 2140 a
1006 2107 1130 2149 supino
1158 2107 1397 2140 macritum.
1427 2107 1570 2138 Moera-

168 2171 221 2195 νει
247 2163 338 2207 quod
363 2162 510 2198 Forcell.
536 2162 658 2203 habet,
684 2164 845 2208 analogia
870 2170 974 2200 caret.

217 2266 226 2271 .
263 2233 306 2267 Χ.
343 2231 431 2268 Non.
457 2243 489 2275 p.
516 2231 595 2267 396.
620 2232 675 2268 31.
724 2231 882 2276 Suffirre
914 2241 964 2266 est
989 2235 1157 2266 sustinere
1182 2251 1197 2258 -
1222 2250 1236 2257 -
1267 2234 1392 2265 Accius
1417 2233 1570 2276 Myrmi-

169 2288 338 2322 donibus:
368 2308 454 2313 ——-

262 2357 314 2393 ΧΙ.
352 2358 438 2394 Non.
473 2370 504 2402 p.
542 2362 618 2395 120.
646 2359 700 2395 33.
755 2360 988 2393 Honeslitudo
1018 2373 1086 2404 pro
1121 2360 1295 2394 honestas.
1348 2360 1472 2391 Accius
1505 2377 1520 2384 -
1553 2376 1568 2384 -

168 2415 263 2448 Idem
291 2416 589 2459 Myrmidonibus:
624 2426 648 2452 t.
674 2417 706 2453 h.
736 2417 778 2452 D.
805 2416 931 2461 decipit
964 2417 1036 2453 (lm,
1068 2418 1150 2462 (pro
1186 2416 1380 2448 honestitas
1408 2416 1460 2451 W.
1487 2421 1567 2449 ante

168 2473 226 2515 A.)
266 2473 385 2507 Mirum
427 2475 615 2507 correxisse
658 2474 840 2507 nonnullos
882 2474 1099 2514 honestmlr»,
1146 2474 1242 2517 quasi
1291 2474 1474 2506 duceretur
1523 2473 1566 2506 ab

169 2531 402 2564 honestate
431 2537 465 2564 et
489 2542 557 2564 non
584 2531 626 2564 ab
653 2532 862 2572 honesto.
888 2537 925 2564 ut
951 2531 1201 2564 multitudo
1229 2541 1247 2562 a
1275 2531 1410 2563 multo
1439 2537 1519 2565 cett.

284 2600 348 2636 ΧΙΙ.
381 2600 467 2636 Non.
486 2611 517 2643 p.
537 2603 613 2636 110.
637 2603 690 2636 12.
729 2602 868 2633 Flaccet
886 2601 1029 2644 languet
1048 2599 1165 2644 deficit
1190 2619 1208 2624 -
1223 2620 1242 2626 -
1267 2601 1393 2632 Accius
1415 2599 1567 2632 Achille:

168 2663 224 2691 An
237 2667 379 2703 sceptra
403 2660 472 2691 iam
487 2659 654 2701 flncent?
682 2661 721 2694 1⁴⁸,
738 2659 996 2702 (1‘anzjl11ccenz
1017 2659 1110 2698 edd.)
1129 2658 1197 2693 Cn:
1217 2657 1273 2690 Sin
1308 2657 1567 2689 slaccebunt

169 2717 401 2757 conditiones,
428 2716 608 2759 repudiato
636 2723 668 2749 ct
699 2716 842 2751 reddito.
893 2716 980 2749 Enn.
1010 2727 1062 2758 ap.
1090 2715 1176 2750 Non.
1208 2718 1283 2750 110.
1312 2718 1364 2749 14.

1257 2771 1282 2812 2
