1856 3027
246 113 275 155 8

247 218 365 260 Finis
397 219 536 274 iurgio
566 219 634 268 fit,
668 235 798 274 quum
829 221 1006 261 nuncius
1044 220 1245 262 afferatur
1276 222 1328 263 de
1359 222 1543 264 adventu
1574 223 1650 264 Te-

246 286 358 343 lephi
390 289 460 342 qui
493 288 770 330 describitur:
1634 291 1636 293 ’

182 355 221 399 9.
364 357 447 400 ΙΧ.
481 385 536 390 ——
569 357 710 409 Quem
740 372 820 414 ego
849 358 923 399 ubi
954 360 1093 400 virum
1124 360 1269 415 aspexi

484 426 793 468 'Immortalem
824 429 881 468 mi
912 428 1023 469 intui
1063 428 1231 470 viderer
1258 429 1301 469 ni
1332 429 1511 470 vestitus
1540 432 1649 472 teter

482 497 751 538 Maestitudo
763 497 983 538 vastitudo
995 497 1289 552 praedicarent
1307 498 1398 539 esse
1414 498 1648 541 hemonem.

244 564 565 608 Tantummodo
596 566 858 622 principibus
889 566 1026 608 voluit
1057 568 1333 623 respondere:

157 634 222 676 10.
362 635 424 677 X.
474 634 591 687 Quin
621 634 758 690 neque
789 636 940 677 cuiatis
972 636 1085 677 esset
1115 652 1304 692 unquam
1335 636 1550 692 potuimus

474 705 619 746 Multa
647 705 886 760 rogitantes
918 705 1095 746 sciscere
1125 733 1182 738 ——-

245 773 508 816 Producitur
539 775 582 815 in
614 788 795 824 scenam,
825 774 899 816 ubi
933 774 1100 830 profert
1129 775 1274 817 fictam
1296 775 1477 830 aliquam
1508 790 1650 817 narra-

245 843 404 884 tionem
436 844 488 885 de
528 858 671 885 rerum
705 859 879 885 suarum
919 844 1030 885 mala
1063 845 1397 887 commutatione
1434 847 1476 886 et
1518 848 1648 888 statu.

244 913 296 955 In
326 912 405 954 hac
435 914 626 955 oratione
657 914 835 954 dixerit:

158 982 222 1025 11.
361 982 446 1024 Xl.
479 1009 535 1015 ——-
567 982 679 1024 Nam
712 984 747 1023 si
779 998 803 1024 a
846 998 913 1024 me
952 982 1133 1039 re'gnum
1173 983 1349 1025 fortuna
1378 985 1507 1039 atque
1547 999 1651 1041 opes

478 1052 660 1109 Eripere
691 1052 849 1107 quivit,
883 1053 929 1094 at
959 1053 1162 1094 virtutem
1192 1052 1276 1095 non
1307 1054 1422 1109 quiit.

232 1226 347 1271 facilc
373 1237 563 1272 appareat,
591 1227 879 1271 Atreifilz'os
905 1240 985 1267 esse,
1013 1230 1083 1259 eius
1110 1234 1208 1263 cett„
1236 1229 1323 1270 (Qui
1346 1228 1456 1264 Bentl,
1483 1247 1526 1251 —
1553 1228 1653 1261 Non..

243 1285 326 1317 nulli
353 1286 433 1318 libri
460 1297 626 1330 usquam,
661 1286 753 1329 quod
779 1285 891 1321 Bentl,
920 1287 1050 1329 aliique
1081 1291 1283 1329 receperunt
1310 1304 1346 1309 -
1378 1285 1527 1322 Bouher,
1553 1288 1652 1319 metri

244 1354 364 1376 causa:
401 1344 484 1386 Quis
518 1351 549 1374 te
584 1352 657 1379 alce,
693 1344 795 1383 mal„
830 1343 939 1376 Both:
977 1345 1060 1386 Quis
1085 1344 1166 1379 mul,
1203 1351 1275 1378 aut,
1311 1343 1394 1384 te?)
1444 1345 1540 1386 ραίε,
1574 1355 1651 1377 cum

244 1407 420 1434 accentum
449 1401 593 1440 habeat,
630 1401 817 1444 productae
843 1401 998 1444 syllabae
1023 1403 1133 1434 vicem
1160 1401 1312 1444 praebet,
1352 1400 1513 1434 Fortasse
1547 1401 1652 1434 homo

243 1459 402 1494 Vocativ,
433 1465 495 1494 est,
524 1465 559 1491 nt
585 1459 650 1491 hoc
676 1459 770 1491 loco:
807 1459 862 1491 Tu
902 1459 1032 1492 horno
1060 1460 1169 1501 adigis
1196 1470 1249 1491 me
1276 1459 1317 1491 ad
1344 1460 1525 1494 insaniam.
1570 1461 1650 1492 Ter.

242 1518 307 1551 Ad.
335 1519 365 1551 1.
384 1521 417 1552 2.
437 1519 494 1551 31.
521 1517 573 1548 Mi
599 1516 738 1552 honio.
765 1517 874 1551 Plaut.
902 1517 992 1553 Pers.
1019 1520 1052 1552 4.
1079 1520 1110 1552 4.
1128 1517 1181 1552 69,
1223 1517 1465 1561 Negligentiae
1493 1522 1544 1550 est
1568 1527 1652 1560 per-

242 1586 402 1620 magnae‚
429 1575 491 1607 hos
514 1586 633 1607 versus
661 1575 702 1608 ad
728 1575 824 1607 Atrei
852 1581 885 1607 et
904 1574 1059 1617 Thyestis
1082 1576 1228 1618 iurgium
1249 1581 1329 1608 ante
1356 1575 1446 1608 diras
1473 1575 1547 1608 illas
1563 1586 1651 1619 epu-

242 1633 292 1666 lus
319 1633 475 1673 referre,
503 1639 538 1666 ut
563 1633 727 1673 Boffiius,
756 1632 901 1666 Orellius
931 1633 1059 1676 aliique
1085 1633 1251 1665 fecerunt.

358 1691 413 1726 IX.
454 1691 540 1726 Non.
567 1702 599 1734 p.
627 1691 705 1726 136.
730 1693 786 1726 22.
839 1690 1053 1723 Mass-tinulo
1087 1703 1156 1734 pro
1188 1691 1373 1725 maestitia.
1425 1692 1552 1722 Accius
1589 1692 1654 1723 Te-

243 1749 336 1792 lefo:
362 1762 397 1795 q.
431 1762 456 1784 e,
474 1762 505 1785 ιι,
533 1750 736 1794 aspearivz'r,
758 1749 1017 1781 memorabilem
1035 1749 1129 1780 intui
1141 1747 1296 1788 viderer,
1321 1749 1361 1780 ni
1375 1749 1523 1780 vestitus
1542 1756 1655 1780 taeter

243 1807 440 1845 Mssslicudo
467 1820 495 1843 ν,
520 1819 575 1852 ρι’.
602 1806 773 1838 hominem
799 1819 879 1841 esse.
929 1807 1072 1846 (Virum
1105 1817 1246 1840 memor,
1275 1805 1368 1846 edd.)
1418 1805 1544 1838 Versus
1571 1805 1652 1838 dedi

243 1856 285 1898 eit
309 1866 423 1898 Bothii
450 1866 632 1909 praecipue
664 1866 861 1896 coniectura
889 1865 1083 1904 restitutos3
1109 1863 1166 1896 sed
1194 1868 1318 1906 poetae
1350 1874 1470 1896 manus
1502 1864 1653 1896 difficilis

244 1931 294 1957 est
319 1925 473 1959 inventu,
501 1942 542 1947 —
569 1923 690 1955 Festus
717 1933 748 1965 p.
776 1924 863 1957 100:
890 1922 1121 1954 Hemonem
1148 1921 1320 1953 hominem
1348 1921 1521 1957 dicebant.

358 1982 398 2018 X.
436 1982 523 2018 Non,
549 1992 581 2024 p.
616 1981 696 2016 4¹26.
735 1982 790 2015 24.
844 1980 948 2013 Cuius
982 1987 1014 2011 et
1049 1980 1178 2011 cuiatis
1215 1978 1302 2011 haec
1335 1987 1384 2010 est
1425 1978 1464 2011 di
1495 1981 1652 2011 erencia:

244 2041 339 2073 cuius
365 2039 415 2072 ad
436 2051 625 2084 personam
651 2037 808 2083 refertur
833 2036 994 2077 hominis,
1021 2037 1149 2069 cuiatis
1175 2035 1265 2068 unde
1291 2035 1488 2082 sz'gnfficat',
1524 2037 1652 2069 Accius

245 2097 382 2143 Tequo:
419 2099 482 2144 qui
510 2108 618 2143 neque
643 2107 672 2131 c,
699 2107 726 2130 e.
759 2107 791 2130 ιι.
821 2107 855 2139 ρ,
895 2096 942 2129 Μ,
978 2095 1197 2138 erogz'cczntes
1235 2095 1394 2126 isciscere
1426 2095 1654 2138 (rogitantes

243 2156 332 2188 scire
365 2161 444 2188 aute
471 2154 512 2189 M.
536 2172 577 2178 —-
604 2159 803 2196 regnantes
836 2151 1021 2182 resciscere
1055 2161 1112 2194 mg
1145 2150 1169 2186 Ι,
1202 2169 1242 2175 —-
1269 2163 1368 2193 erog.
1403 2151 1548 2183 sciscere
1581 2150 1654 2192 M.)

247 2214 379 2246 Cuiatis
399 2212 571 2245 Nominat.
595 2216 655 2244 est.
673 2209 722 2244 Cf.
739 2209 849 2243 Plaut.
871 2207 969 2243 Cure.
990 2210 1020 2243 3.
1041 2208 1101 2248 373
1127 2208 1270 2244 Poenul.
1290 2209 1378 2251 prol.
1401 2210 1466 2242 109
1482 2207 1538 2243 all.
1557 2208 1591 2244 ll,
1607 2226 1652 2232 —

245 2270 315 2305 CR:
335 2269 396 2303 lbo
412 2271 452 2303 ad
472 2281 545 2302 eam
567 2275 603 2301 ut
624 2268 715 2300 scis
729 2277 775 2300 ca
789 2278 819 2299 m
836 2266 917 2311 quid
934 2266 1053 2302 velint,
1080 2266 1205 2301 Pacuv.
1225 2276 1278 2309 ap.
1295 2265 1382 2301 Non.
1400 2277 1432 2309 p.
1451 2268 1529 2302 505.
1547 2268 1651 2301 27.—

243 2327 295 2360 Ex
320 2339 407 2361 voce
434 2339 587 2374 unquam
614 2326 732 2370 colligi
759 2327 857 2365 licet,
905 2325 1067 2356 nuncium
1094 2324 1183 2356 hunc
1214 2324 1365 2368 aliquem
1395 2334 1436 2356 ex
1461 2325 1564 2356 sociis
1582 2324 1652 2356 Te-

244 2386 336 2429 lephi
362 2386 479 2425 fuisse,
507 2387 563 2430 qui
590 2385 676 2417 fictis
697 2384 811 2417 verbis
838 2383 960 2415 ducum
980 2383 1113 2415 animos
1136 2387 1371 2425 praepararet,
1395 2387 1432 2414 ut
1454 2381 1547 2414 illius
1568 2392 1652 2414 nar-

244 2445 369 2477 rationi
394 2444 495 2476 fidem
523 2443 700 2478 haberent,

360 2501 415 2534 Xl.
453 2502 602 2536 Macrob,
647 2501 715 2534 Sat.
758 2501 791 2534 6,
834 2501 863 2534 1,
929 2498 1126 2541 Vergilius:
1176 2499 1250 2531 Nec
1288 2498 1321 2529 si
1373 2498 1531 2529 miserum
1560 2494 1652 2541 sor·-

243 2568 330 2592 tmza
371 2561 533 2592 Sinonem
568 2559 699 2597 Finxit,
726 2568 857 2589 vanum
882 2557 985 2587 etiam
1025 2554 1290 2600 mendacemque
1328 2554 1490 2599 improba
1516 2553 1653 2600 finget,

246 2618 369 2650 Accius
393 2619 431 2649 in
459 2616 628 2658 Telepho:
655 2633 747 2639 ——
776 2614 876 2657 Apud
909 2612 1059 2648 Macrob.
1095 2614 1210 2646 inveni
1245 2624 1307 2652 ac,·
1344 2612 1405 2645 sed
1440 2611 1516 2644 sine
1541 2611 1648 2644 dubio

245 2684 279 2707 (ιι
308 2681 357 2707 est
384 2674 578 2718 legendum.
631 2672 681 2708 Cf.
707 2672 819 2707 Herm.
846 2671 887 2705 ad
915 2671 1029 2714 Viger.
1055 2672 1134 2706 241,
