1846 3136
1541 155 1592 197 13

195 260 266 301 ubi
297 258 483 301 nonnulli
515 257 824 299 restituendum
856 260 1137 314 putaverunt:
1173 263 1333 299 Briseis.
1392 257 1478 299 Sed
1503 260 1593 300 sine

195 329 324 370 dubio
378 331 492 369 recte
554 327 833 369 Scholiastes:
898 332 1075 368 Briseum
1135 332 1292 367 Accium
1344 329 1427 367 ideo
1478 330 1589 377 dfxit,

194 405 286 451 quia
315 406 451 453 poetae
484 403 520 437 ιή
554 399 686 436 Lsberz
714 403 843 452 patris
873 399 990 435 lutelcl
1022 411 1104 434 esse
1136 407 1357 436 noscuntur.
1408 395 1594 437 Disserlt

193 466 305 507 idem
337 466 433 506 dein
464 466 516 506 de
546 466 587 506 vi
616 464 773 506 Bacchi
816 464 1076 519 cognominis
1107 463 1269 504 Brisaei
1308 463 1378 517 (al.
1414 469 1593 518 HJJ-saei,

195 539 344 583 Bri'sei,
390 535 544 588 Bryset)
620 532 848 575 Cf.1alln.
891 535 934 573 ei]
974 532 1192 574 I'Ieinrich.
1237 532 1292 572 ad
1330 532 1370 575 11.
1412 533 1437 575 1.
1479 533 1592 574 chl-

195 602 308 643 ckeri
339 606 392 644 tr.
427 602 503 644 Gr.
537 618 577 658 p.
614 601 737 644 1394.
801 600 1042 656 Stahlberg.
1075 617 1116 657 p.
1150 600 1205 642 20
1238 616 1299 655 sq.

226 891 259 932 1.
335 888 888 931 MYRMIDONES
951 889 1080 929 sive
1139 888 1563 933 ACHILLES.

314 1015 382 1058 Cf.
415 1015 687 1071 Nieberding.
720 1016 746 1058 l.
781 1029 815 1056 0.
848 1015 906 1057 H.
954 1014 1162 1057 Diintzer.
1195 1016 1238 1056 in
1269 1017 1597 1059 Zimmermanni

196 1085 441 1126 Zeitschrift
473 1084 501 1126 f.
534 1084 622 1126 Alt.
646 1085 718 1126 W.
757 1083 866 1126 1839
898 1099 969 1139 pg.
999 1083 1085 1126 412
1118 1100 1178 1139 sq.
1228 1085 1465 1127 Hermanni
1496 1102 1595 1142 opp.

196 1155 235 1196 5.
268 1170 309 1209 p.
351 1153 432 1195 136
467 1168 527 1207 sq.
593 1152 735 1194 Schffll
765 1153 970 1208 Beitrage
1005 1153 1024 1193 1
1058 1169 1099 1208 p.
1131 1153 1217 1194 314
1248 1169 1309 1208 sq.

314 1221 630 1278 Composuerat
660 1222 957 1278 Myrmidones
983 1222 1232 1278 Aeschylus,
1266 1238 1447 1277 quorum
1477 1238 1598 1280 argu-

196 1293 387 1332 mentum
419 1306 441 1332 e
480 1291 730 1346 fragmentis
770 1291 882 1332 Attii
917 1291 1260 1347 investigandum
1298 1293 1495 1347 opinatus
1534 1296 1599 1335 est

195 1361 567 1410 Hermannus,
602 1360 683 1402 1100
712 1362 939 1416 praecipue
962 1361 1231 1410 contendens,
1262 1361 1464 1417 Aeschyli
1484 1362 1598 1404 trilo-

196 1430 331 1484 giam:
363 1429 674 1485 Myrmidones,
697 1429 913 1479 Nereides,
935 1429 1131 1486 Phryges
1149 1431 1407 1485 expressisse
1427 1431 1598 1472 Attium

195 1498 397 1539 Hectoris
427 1498 563 1553 lytris.
625 1498 707 1539 Est
742 1499 985 1540 coniectura
1025 1499 1255 1540 admodum
1294 1499 1525 1554 probabilis
1557 1503 1599 1542 et

195 1569 239 1608 in
260 1568 503 1608 universum
525 1568 563 1608 ei
586 1567 908 1622 adstipulamur,
933 1569 1125 1623 quamvis
1147 1567 1378 1610 Nereidum
1398 1569 1600 1626 Aeschyli

197 1637 499 1678 auctoritatem
529 1638 805 1692 perexiguam
837 1652 940 1686 esse,
974 1652 1105 1691 quum
1127 1637 1275 1678 eodem
1304 1639 1395 1679 iure
1427 1654 1512 1680 non
1542 1639 1599 1679 di-

195 1720 317 1747 versa
349 1705 402 1746 ab
426 1706 616 1747 eiusdem
647 1721 863 1748 armorum
893 1707 1050 1747 iudicio
1072 1706 1291 1755 habeatur,
1322 1722 1400 1748 nos
1422 1724 1507 1749 non
1538 1708 1599 1749 fu-

196 1776 298 1830 giat.
363 1774 667 1825 Schoellio,
711 1776 782 1830 qui
822 1778 870 1816 ut
901 1778 1027 1816 antea
1066 1774 1384 1817 Diintzerus
1422 1777 1600 1833 Myrmi-

197 1844 329 1886 dones
361 1846 404 1885 et
436 1844 646 1886 Achillem
678 1849 719 1886 et
749 1843 1136 1900 Epinausimachen
1171 1845 1256 1885 tria
1295 1846 1466 1887 nomina
1496 1847 1599 1887 eius-

197 1914 294 1954 dem
341 1913 512 1954 fabulae
560 1928 650 1955 esse
694 1914 876 1962 iudicat,
925 1914 1149 1968 quominus
1196 1914 1475 1955 assentiamur
1519 1914 1601 1956 hoe

197 1983 427 2038 praecipue
448 1983 627 2038 impedit
652 2009 703 2013 —
726 1997 779 2024 ne
809 1983 946 2023 dicam
979 1983 1030 2023 de
1060 1982 1310 2038 fragmentis
1333 1986 1375 2024 et
1399 1983 1601 2040 Aeschyli

184 2051 351 2092 <fabulis
386 2077 437 2082 —
471 2052 587 2106 quod
627 2052 763 2094 multo
795 2053 931 2094 maior
974 2051 1143 2093 videtur
1185 2053 1425 2107 argumenti
1465 2054 1601 2109 copia,

198 2135 326 2175 quam
377 2135 485 2176 quae
545 2136 630 2161 una
684 2121 908 2176 tragoedia
960 2120 1265 2176 comprehensa
1312 2121 1453 2164 fuerit.
1516 2121 1602 2164 Sed

198 2189 393 2231 omnibus
412 2188 587 2231 Schollii
605 2190 656 2231 de
674 2189 754 2231 hac
770 2205 815 2231 re
833 2191 1052 2231 sententiis
1070 2190 1327 2246 respondere
1341 2190 1410 2232 hic
1425 2191 1600 2247 longum

199 2260 284 2307 e‘st,
327 2259 520 2312 quamvis
553 2274 638 2300 non
665 2260 861 2301 videatur
900 2260 961 2300 ita
991 2258 1173 2302 difficile.
1233 2258 1601 2316 Nieberding-

199 2327 303 2376 ius,
337 2328 408 2380 qui
438 2327 676 2369 Hermanni
708 2329 1109 2370 commentationem
1139 2344 1224 2370 non
1255 2330 1432 2379 noverit,
1466 2330 1601 2372 solam

199 2395 456 2450 legationem
497 2400 796 2452 argumentum
835 2397 1183 2453 Myrmidonibus
1223 2398 1470 2453 praebuisse
1508 2413 1602 2440 con-

199 2464 374 2505 tendere
394 2464 574 2514 videtur,
608 2467 674 2507 cui
694 2481 820 2508 nemo
842 2467 1109 2509 assentietur.
1157 2467 1228 2508 lta
1248 2468 1392 2522 potius
1422 2482 1489 2508 res
1512 2481 1603 2509 sese

200 2533 356 2574 habere
394 2533 575 2576 videtur.
638 2535 814 2576 Initium
854 2535 1069 2576 habebant
1110 2550 1135 2576 a
1173 2535 1386 2591 legatione
1418 2535 1602 2578 Graeco-

201 2617 296 2642 rum
338 2602 392 2642 ad
432 2602 664 2652 Achillem,
708 2605 779 2659 qui
818 2605 881 2644 ira
920 2606 1098 2659 propter
1139 2607 1328 2659 ereptam
1367 2605 1602 2646 Briseidem

202 2670 403 2711 adversus
435 2670 562 2712 duces
585 2673 772 2727 agitatus
801 2673 1003 2714 auxilium
1035 2688 1158 2714 suum
1181 2674 1384 2715 exercitui
1414 2674 1602 2716 detraxe-
