1856 3027
274 119 330 161 52

273 238 405 279 quum
436 222 600 265 habitet
630 224 672 264 in
703 223 875 279 regione
917 226 1005 265 tam
1046 223 1215 265 deserta
1246 228 1288 266 et
1324 239 1457 267 vacua
1495 241 1672 268 occursu

272 293 512 342 hominum,
545 293 620 335 sed

184 369 264 412 113
389 363 517 405 XIV.
542 390 599 395 -
623 361 914 419 Cziprigenum
946 364 1049 404 trita
1078 362 1247 419 ungulis

273 432 505 487 avibusque
537 433 684 475 amica.
746 433 923 475 Victum
954 431 1033 473 sibi
1063 436 1189 488 parat
1219 436 1421 489 aegrotus

181 521 264 564 114
389 513 495 555 XV.
536 513 773 568 Reciproca
803 513 980 555 tendens
1011 513 1143 555 nervo
1175 514 1329 568 equino
1360 514 1525 557 concita

481 582 599 623 Tela.
633 609 690 614 —-

270 651 423 706 Itaque
454 652 620 693 divinae
650 651 745 693 illae
776 652 975 694 Herculis
1007 653 1200 708 sagittae,
1234 667 1341 707 quae
1363 655 1512 695 contra
1541 669 1672 695 arma-

270 724 338 763 tos
370 722 518 762 melius
550 722 838 772 conficiantur,
870 724 914 764 in
944 723 1136 764 volucres
1167 723 1348 765 inermes
1379 724 1627 765 mittuntur:

181 813 261 856 115
387 803 515 845 XVI.
539 830 596 835 —
617 802 849 858 Pinnigero
880 803 964 845 non
995 805 1206 859 armigero
1237 804 1414 860 corpore

480 872 584 914 Tela
614 871 866 914 exercentur
895 872 999 914 haec
1030 873 1194 915 abiecta
1223 874 1369 929 gloria.

268 942 406 984 Modo
436 943 591 983 iterum
622 942 664 982 in
689 956 856 983 scenam
886 943 1095 998 processit
1126 943 1289 993 Ulixes,
1322 958 1447 999 quem
1478 944 1542 986 hjs
1574 944 1671 987 allo-

269 1013 393 1052 cutus
426 1026 516 1053 esse
547 1012 717 1053 videtur
747 1012 1032 1054 Philoctetes:

179 1104 260 1148 115
384 1093 537 1135 XVII.
581 1090 690 1144 Quis
721 1095 771 1134 tu
800 1092 844 1134 es
876 1093 1082 1143 mortalis,
1115 1094 1186 1148 qui
1214 1093 1257 1135 1'n
1283 1094 1453 1136 deserta
1483 1097 1525 1136 et
1554 1094 1671 1137 tesca

688 1165 733 1203 te
754 1163 957 1218 apportes
985 1163 1104 1204 loca?

268 1234 311 1274 et
352 1234 594 1288 stupentem
634 1232 753 1273 illum
790 1232 935 1273 videns
978 1232 1032 1274 ob
1079 1234 1269 1289 corporis
1312 1235 1376 1275 sui
1417 1233 1586 1276 sordem
1627 1237 1670 1275 et

266 1302 536 1351 foeditatem,
570 1302 649 1343 ait:

177 1384 259 1428 117
385 1372 561 1414 XVIII.
729 1397 779 1402 -
845 1370 976 1422 Quod
1005 1374 1049 1413 te
1080 1371 1256 1414 obsecro

382 1558 466 1592 xlv,
503 1557 651 1594 Mam-ob.
678 1557 746 1593 Sat.
773 1560 804 1594 6.
832 1562 851 1592 5
895 1569 927 1601 p.
955 1560 1033 1593 182.
1083 1560 1210 1591 Accius
1234 1561 1271 1591 in
1297 1558 1509 1592 Philoctete:
1537 1578 1627 1586 ——-

381 1627 454 1663 XV,
488 1627 595 1659 Varro
619 1627 654 1663 L.
681 1627 715 1664 L,
741 1630 773 1663 7.
799 1626 818 1669 §
845 1627 891 1662 80
917 1638 951 1670 p.
983 1626 1063 1663 150,
1111 1627 1217 1672 Apud
1249 1629 1414 1661 Accium:
1440 1642 1552 1669 -—,·
1578 1632 1667 1662 reci-

264 1696 378 1729 proca
409 1693 457 1716 est
491 1697 595 1731 quom
632 1685 722 1717 unde
756 1684 843 1730 quid
871 1684 1073 1729 projectum
1107 1685 1199 1718 redit
1231 1698 1281 1722 εο,
1331 1685 1423 1719 Idem
1457 1687 1579 1731 fragm.
1611 1699 1667 1730 ap.

267 1743 364 1777 Serv.
392 1743 475 1777 Dan.
503 1744 535 1774 in
562 1743 648 1776 Aen.
675 1745 707 1778 9.
724 1743 791 1778 622
818 1754 854 1786 p.
882 1745 961 1778 536.
1002 1745 1190 1789 Nervoque
1217 1745 1360 1789 equi1103
1388 1746 1469 1789 quia
1502 1747 1539 1777 in
1563 1756 1667 1777 arcu-

266 1801 328 1833 bus
364 1802 468 1833 nervi
500 1802 620 1847 equini
657 1802 768 1834 solent
804 1814 885 1836 esse.
939 1803 1064 1834 Accius
1099 1801 1306 1833 Philoctete:
1357 1801 1516 1834 Tendens
1556 1814 1666 1835 nervo

266 1860 392 1905 equino
419 1860 560 1891 concita
586 1859 668 1896 tela.
699 1877 737 1884 —
769 1858 925 1892 Tendere
959 1859 1027 1891 tela
1061 1870 1171 1891 nervo
1209 1858 1337 1891 dictum
1372 1865 1423 1891 est
1457 1865 1492 1892 ut
1525 1860 1668 1892 tendere

265 1929 407 1972 sagittas
433 1939 523 1963 arcu.
571 1928 651 1962 Hoc.
679 1939 779 1964 carm.
807 1931 837 1964 1.
863 1928 920 1963 29.
946 1930 977 1963 9.
1003 1945 1050 1953 —-
1073 1928 1280 1971 Reciproea‚
1306 1916 1528 1957 παλίνῑθνα
1550 1915 1664 1968 τόξα,

265 1985 545 2038 παλι’ντ.’βὲλη
577 1996 700 2033 Aesch,
748 1996 899 2039 Choeph.
930 1999 997 2032 160
1025 2015 1066 2020 —
1100 1996 1260 2030 Fortasse
1292 1997 1477 2050 legendum
1512 1998 1665 2033 concito,

266 2054 335 2091 CR:
363 2055 668 2088 Concitantur
694 2056 773 2091 tela,
798 2055 870 2090 Liv.
897 2056 951 2089 34.
979 2057 1034 2090 39.

322 2124 325 2125 ’
379 2124 463 2160 XVl.
499 2123 567 2159 Cic.
597 2125 638 2157 ad
666 2124 744 2159 Div.
771 2128 802 2160 7.
829 2123 883 2159 33.
911 2127 941 2159 1,
995 2125 1040 2156 Ut
1075 2125 1178 2156 eliam
1211 2125 1243 2156 si
1276 2123 1420 2170 quando
1452 2123 1589 2170 aliquid
1612 2123 1666 2156 di-

264 2195 372 2227 gnum
397 2190 524 2214 nostro
556 2184 694 2214 nomine
729 2183 918 2222 emisimus,
951 2182 1216 2225 ingemiscamus
1241 2181 1341 2228 quod
1363 2180 1447 2214 haec
1475 2182 1664 2226 pinnigero

263 2253 337 2272 non
367 2242 546 2284 armigero
582 2242 618 2272 in
652 2251 802 2284 corpore
826 2240 895 2273 tela
921 2247 1166 2280 exerceantur,
1191 2247 1227 2271 ut
1261 2241 1312 2272 ait
1336 2238 1546 2272 Philoctetes
1569 2238 1668 2282 apud

266 2299 425 2338 Accium,
452 2298 589 2330 abiecta
612 2298 742 2341 gloria,

379 2367 476 2402 XVll.
514 2367 597 2399 x-ide
623 2367 663 2402 fr.
686 2366 729 2401 ΙΙ.

380 2436 494 2473 XVlll.
528 2436 616 2471 Non.
643 2447 674 2480 p.
702 2439 779 2472 179.
807 2438 862 2473 32.
906 2436 1105 2472 Tem-itudo,
1143 2438 1269 2469 Accius
1294 2437 1483 2471 Filoctica:
1512 2434 1610 2482 quod
1631 2443 1663 2467 te

265 2496 408 2528 obsecro
435 2507 476 2527 ne
494 2495 579 2527 haec
603 2494 852 2538 aspernabilem
879 2494 1049 2527 tetritudo
1074 2505 1148 2526 mea
1172 2495 1209 2527 in
1229 2494 1366 2526 occulto
1385 2494 1499 2536 flixit.
1527 2492 1663 2532 (Philo-

264 2561 356 2586 cteta
381 2554 471 2588 1526
497 2551 522 2586 l.
544 2552 586 2588 Μ.
615 2571 655 2576 -
683 2565 792 2585 meam
825 2553 964 2585 occulta
989 2558 1068 2585 ante
1092 2552 1132 2588 A.
1159 2570 1202 2575 -
1233 2563 1307 2584 mea
1331 2552 1369 2583 in
1401 2551 1539 2584 occulto
1573 2550 1662 2585 1526

264 2610 290 2644 Ι.
317 2610 381 2653 M.)
403 2611 516 2645 Herm.
542 2611 691 2643 restituit
715 2611 782 2644 sic:
818 2612 857 2645 Ο.
886 2618 910 2646 t,
938 2622 970 2645 ο.
996 2609 1272 2654 adspernabilem
1299 2611 1350 2641 Ne
1374 2608 1459 2641 hacc
1483 2616 1562 2643 tetr.
1588 2619 1661 2640 mea

265 2681 315 2700 me
339 2669 472 2700 inculca
487 2667 601 2711 faxit,
