1846 3136
1543 177 1593 220 61

116 285 195 328 132
321 277 374 319 V.
419 276 503 318 Sed
534 277 678 318 utrum
710 281 847 318 terrae
879 277 1019 319 motus
1051 279 1267 319 sonitusne
1301 279 1480 321 inferum

412 346 609 388 Permisit
640 361 761 388 aures
792 347 902 388 inter
932 348 1092 388 tonitra
1122 351 1164 388 et
1194 347 1410 389 turbines?

203 415 426 457 Hecubam
457 417 671 457 audimus:

115 499 195 542 133
317 485 395 527 VI.
434 484 614 526 Utinam
644 485 809 526 unicam
833 486 890 526 mi
920 486 1155 527 antistitam
1178 487 1447 541 arquitenens
1479 503 1598 529 suam

412 554 617 596 Tutetur!

203 626 246 665 et
277 624 470 666 eandem:

114 708 195 751 134
318 693 422 736 Vn.
460 692 676 735 Abducite
704 694 836 742 intro,
869 694 969 734 nam
1000 693 1101 734 mihi
1132 694 1421 736 miseritudine

413 761 658 805 Commovit
689 762 875 803 animum
906 762 1071 804 exoe'lsa
1102 764 1261 819 aspecti
1293 764 1491 820 dignitas.

201 832 352 874 Ulixes
374 836 416 873 et
436 832 656 874 Menelaus
677 833 921 874 nuntiatum
941 833 1127 881 veniunt,
1164 831 1428 875 Graecorum
1449 835 1598 890 princi-

200 918 275 960 pes
320 905 502 943 mortem
542 901 816 957 Astyanactis
862 902 1108 945 decrevisse.
1173 901 1259 944 Sed
1299 903 1599 947 Andromache

201 987 308 1028 quae
337 971 471 1012 filium
502 971 736 1012 clanculum
768 970 978 1026 ablegavit
1017 974 1060 1012 et
1090 972 1335 1023 occultavit,
1373 973 1598 1016 latibulum

201 1043 290 1083 eius
320 1041 502 1098 prodere
531 1043 719 1088 recusat,
760 1039 903 1081 hostes
935 1040 989 1081 ad
1026 1041 1359 1084 misericordiam
1389 1044 1599 1086 adducere

202 1112 388 1153 studens.
450 1110 684 1152 Hectorem
722 1124 908 1164 quoque,
949 1110 1026 1159 ait,
1068 1111 1316 1153 clementem
1353 1127 1518 1169 semper
1556 1116 1599 1155 et

201 1180 517 1222 misericordem
547 1180 675 1221 etiam
706 1179 907 1221 adversus
937 1179 1082 1221 hostes
1111 1180 1264 1221 fuisse:

112 1266 192 1309 135
316 1250 442 1293 VIII.
487 1249 620 1292 Troia
662 1252 728 1290 est
769 1250 912 1298 testis;
955 1249 1110 1304 quaere
1151 1265 1204 1292 ex
1246 1250 1336 1291 aliis
1376 1251 1447 1305 qui
1487 1251 1598 1293 fflius

619 1319 910 1360 miseritudine

409 1388 575 1431 Nomen
605 1388 763 1429 clarum
793 1388 837 1429 in
866 1388 1021 1429 tumuli
1053 1404 1155 1430 saxo
1187 1389 1330 1431 multis
1361 1393 1599 1432 memorant

617 1456 805 1500 vocibus.

202 1528 369 1571 Sumite
399 1527 540 1577 vobis,
582 1528 742 1584 pergit,
780 1526 942 1581 reliqua
972 1529 1131 1577 omnia,
1171 1542 1278 1583 quae
1317 1529 1597 1586 possedimus,

201 1612 476 1654 quaecunque

111 1683 192 1728 135
315 1667 400 1710 IX.
683 1693 740 1698 —
799 1667 851 1706 In
879 1665 998 1707 celsis
1029 1666 1244 1709 montibus

317 1818 356 1854 V.
391 1817 493 1853 Prisc.
526 1817 568 1849 de
606 1828 648 1851 m.
682 1817 755 1852 Ter,
794 1819 825 1851 6.
856 1820 890 1852 4.
925 1820 980 1853 20,
1031 1818 1147 1849 Attius
1182 1819 1218 1850 in
1251 1817 1468 1851 Troadibus:
1503 1822 1537 1855 S.
1564 1831 1596 1854 ιι.

202 1883 434 1909 terraemotus
466 1876 646 1908 sonitusve
681 1894 787 1910 ——.
822 1874 1070 1908 Soloccismum
1109 1875 1267 1908 lectionis
1302 1877 1480 1908 sonitusve
1513 1877 1598 1909 vidit

200 1935 353 1970 Bothius.
401 1933 537 1967 Habent
580 1938 722 1976 poetae:
764 1935 911 1966 tonitrus
939 1936 1025 1976 (4¹³¹,e
1056 1933 1171 1975 decl),
1209 1935 1356 1974 tonitru,
1398 1934 1598 1975 tonitruum,

199 1994 375 2027 tonitrum.

316 2061 367 2095 Vl.
404 2060 491 2096 Non.
526 2071 556 2104 p.
590 2063 669 2095 487.
702 2063 757 2098 18.
812 2061 1024 2095 Antis-litam.
1064 2062 1190 2093 Accius
1231 2065 1463 2102 Astyanacte:
1498 2073 1531 2097 u.
1564 2073 1596 2098 u.

201 2119 286 2152 milti
310 2137 417 2154 --.

317 2176 388 2213 Vll.
425 2175 512 2212 Non,
549 2187 580 2219 p.
613 2178 692 2212 485,
727 2179 782 2211 21.
833 2177 974 2220 Aspecti
1004 2188 1072 2220 pro
1111 2183 1282 2219 aspectus.
1321 2177 1447 2209 Accius
1488 2180 1597 2219 Asty-

201 2243 347 2267 cctaacte:
375 2252 465 2259 --

317 2291 395 2328 Vni,
431 2292 518 2328 Non.
552 2303 583 2334 p.
612 2292 688 2328 136.
723 2294 775 2326 17.
828 2291 1072 2324 Miseritudine
1101 2303 1168 2335 pro
1202 2293 1340 2323 ηιίςειίἀ
1378 2291 1433 2323 vel
1463 2292 1599 2324 miseri·

200 2350 328 2384 cordia
361 2351 486 2382 Accius
517 2355 754 2394 Astyanacte:
791 2350 831 2385 Τ,
858 2362 884 2385 ε.
918 2357 942 2385 t,
968 2361 1003 2395 q.
1029 2361 1055 2384 e,
1081 2361 1114 2384 ιι,
1140 2361 1173 2395 q,
1199 2351 1222 2384 i,
1255 2348 1527 2388 mz'semtudinem
1552 2350 1595 2383 N.

201 2420 230 2443 c.
258 2410 281 2440 i.
306 2407 429 2440 humili
452 2419 478 2443 s,
511 2419 554 2442 m.
589 2419 631 2442 m,
665 2419 698 2443 v,
734 2406 990 2447 (mt'serztudt'ne
1031 2412 1111 2439 ante
1135 2405 1257 2447 ΑΙΜ.),
1307 2405 1434 2450 lunge:
1471 2417 1596 2438 nomen

201 2464 438 2498 miset-itudine
472 2464 618 2500 clarum,
667 2464 736 2499 CR:
776 2465 1022 2497 Memorare
1061 2464 1228 2508 significat
1253 2474 1343 2496 nunc
1368 2463 1481 2496 dicere
1506 2472 1598 2495 nunc

202 2524 390 2556 memoriae
416 2522 589 2558 mandare,
615 2521 705 2557 Fest,
732 2533 763 2565 p,
792 2522 868 2559 124,

318 2590 371 2626 lx.
410 2590 497 2627 Non.
522 2602 552 2634 p.
583 2590 660 2626 159.
687 2591 718 2626 8.
767 2592 882 2624 Ρεεαα
910 2599 943 2623 et
966 2590 1124 2636 pecuda,
1146 2592 1197 2623 ιἰα
1221 2598 1257 2623 ut
1280 2602 1430 2635 pecora,
1463 2597 1597 2622 veteres

201 2649 376 2685 dixerunt,
416 2650 540 2681 Accius
557 2652 789 2690 Astyanacte:
823 2649 844 2683 ι’,
873 2659 902 2684 c,
928 2659 970 2684 m.
998 2649 1034 2684 Ρ,
1061 2661 1094 2682 α.
1120 2650 1142 2684 ι’,
1171 2661 1200 2682 c.
1226 2660 1261 2691 p.
1289 2648 1332 2683 D,
1351 2649 1387 2679 in
1411 2647 1597 2690 Froegiaet

200 2708 357 2739 terminis
379 2708 432 2746 (in
459 2707 636 2753 Phrygiae
662 2707 818 2738 terminis
845 2716 899 2749 mg
922 2704 999 2743 lm.)
