1846 3136
1536 166 1590 206 50

199 265 533 320 fragmentorum
577 280 741 313 sensus3
789 266 830 305 in
868 265 936 305 illa
981 265 1112 319 igitur
1148 265 1311 320 Hygini
1349 269 1591 308 narratione

199 333 512 375 subsistendum
547 338 621 375 est.
684 334 807 374 Ilane
848 334 1062 388 quomodo
1093 334 1321 389 Euripides
1351 336 1590 377 Troadibus

198 404 448 450 intexuerit,
496 418 547 443 ex
583 403 725 444 fabula
763 404 831 443 illa
869 404 1097 458 superstite
1135 402 1351 457 hucusque
1395 407 1591 459 cognosci

196 472 312 520 licet3
347 473 417 526 qui
439 487 538 513 vero
563 470 794 527 Sophocles
817 487 910 512 eam
932 473 974 512 in
1003 471 1196 526 Captivis
1226 476 1484 521 tractaverit,
1516 490 1592 529 per

197 542 456 596 paucitatem
498 542 834 596 traginentorum
880 557 931 582 ex
972 542 1050 581 illis
1088 546 1354 583 servatorum
1391 545 1589 585 nescitur.

197 610 404 651 Nostrum
447 626 530 650 non
573 611 785 651 imitatum
831 626 920 651 esse
963 611 1213 666 Euripidem
1254 627 1303 652 eo
1339 612 1592 660 assimilatur,

199 680 314 733 quod
345 680 399 720 ad
429 679 669 734 fragmenta
700 680 830 720 latina
861 680 963 720 nulli
993 680 1211 736 Euripidis
1245 696 1391 721 versus
1422 696 1593 736 respon⁹

199 749 319 798 dent3
363 764 493 803 quare
527 749 781 804 Sophoclem
824 750 1078 804 expressisse
1111 751 1358 795 statuimus,
1401 753 1448 790 ut
1481 750 1538 791 W
1542 750 1593 790 el-

198 818 349 859 ckerus
379 819 462 858 iam
494 819 612 860 vidit.

317 887 362 928 Si
409 892 521 927 recte
573 888 633 927 ita
684 888 735 927 de
792 903 956 928 summa
1011 890 1251 944 argumenti
1302 888 1592 936 iudicavimus,

198 957 428 1012 permirum
476 959 539 996 est
582 960 623 996 et
670 957 901 1011 singulare,
959 958 1222 1012 tragoediam
1282 958 1594 998 denominatam

198 1041 288 1066 esse
318 1042 342 1066 a
378 1040 559 1081 persona
598 1029 736 1075 mnta3
775 1026 1079 1081 Astyanactem
1112 1027 1222 1067 enim
1258 1026 1461 1067 infantem
1494 1029 1595 1067 tune

198 1095 400 1150 temporis
434 1094 660 1149 puerulum
691 1095 933 1148 loquentem
965 1111 990 1135 a
1020 1096 1157 1150 poetis
1188 1096 1479 1136 introductum
1510 1112 1594 1136 non

198 1179 288 1204 esse
318 1164 537 1218 Euripidis
570 1164 611 1204 in
643 1164 885 1204 Troadibus
917 1165 1157 1219 exemplum
1189 1166 1292 1205 satis
1325 1165 1460 1207 docet.
1510 1165 1595 1206 Sed

198 1233 324 1274 huius
346 1234 406 1274 rei
429 1248 555 1273 eausa
577 1233 697 1274 facile
719 1234 991 1288 perspicitur:
1023 1250 1119 1274 nam
1143 1235 1299 1274 circum
1321 1234 1594 1289 Astyanactis

198 1305 377 1344 mortem
410 1302 604 1342 universa
632 1303 854 1357 tragoedia
883 1306 1077 1343 versatur
1108 1304 1168 1344 ita
1192 1303 1375 1357 quidem,
1409 1307 1457 1344 ut
1488 1319 1595 1358 quae

197 1372 447 1420 antecedant
480 1375 521 1412 et
549 1386 655 1425 quae
687 1372 1018 1425 subsequantur,
1055 1373 1239 1413 maxima
1270 1388 1322 1413 ex
1349 1376 1470 1427 parte
1499 1373 1596 1414 inde

197 1440 446 1482 efficiantur.
509 1441 706 1489 Accedit,
753 1441 868 1495 quod
906 1441 1088 1482 alterum
1128 1442 1255 1482 etiam
1292 1441 1474 1482 habebat-
1512 1445 1594 1482 tra-

197 1510 350 1565 goedia
378 1509 563 1551 titulum.
621 1509 733 1550 Nam
767 1525 862 1551 cum
894 1510 978 1551 duo
1011 1514 1178 1551 exstent
1209 1511 1320 1551 Attii
1357 1511 1596 1566 fragmenta

196 1579 293 1632 (IV,
324 1579 404 1627 V.;
435 1578 581 1619 Bothii
613 1578 652 1618 fr
684 1578 722 1620 2.
747 1594 799 1620 ex
819 1578 1030 1620 Diomede
1058 1594 1280 1634 perperam
1301 1580 1384 1621 illie
1409 1581 1594 1635 legitur),

199 1663 305 1702 quae
351 1650 426 1689 sub
474 1648 643 1688 nomine
683 1647 902 1688 Troadum
944 1649 1149 1696 citantur,
1197 1648 1239 1688 in
1283 1652 1486 1703 promptu
1532 1652 1596 1690 est

199 1717 464 1765 coniectura,
507 1719 804 1771 argumentum
845 1716 1012 1757 fabulae
1041 1717 1102 1757 ita
1137 1718 1363 1772 inscriptae
1393 1717 1507 1757 haud
1539 1718 1596 1757 di-

198 1801 366 1827 versum
398 1786 527 1826 fuisse
558 1786 610 1826 ab
640 1786 711 1827 illo
732 1786 981 1841 Euripidem
1015 1786 1081 1826 eui
1107 1786 1217 1826 idem
1251 1786 1406 1841 obtigit
1427 1801 1594 1834 nomen,

199 1856 398 1909 quodque
429 1855 680 1910 Astyanacti
718 1854 991 1895 tribuendum
1024 1855 1274 1896 censuimus.
1338 1854 1467 1905 Quod
1497 1870 1598 1895 vero

198 1925 347 1964 Attius
379 1924 704 1979 appellationem
729 1922 1009 1979 Sophocleam
1040 1938 1124 1964 non
1153 1924 1346 1964 asciverit
1372 1927 1599 1979 propterea

199 1993 360 2034 factum
395 2008 484 2033 esse
521 1997 648 2048 puto,
692 1993 806 2047 quod
837 1992 1209 2033 Aechmalotidum
1245 2008 1329 2033 vox
1361 1993 1415 2032 ad
1445 1993 1599 2033 Roma-

199 2077 352 2103 norum
385 2076 508 2102 aures
546 2062 683 2102 minus
715 2061 1010 2110 conveniebat,
1051 2076 1176 2114 quam
1218 2064 1319 2102 nota
1356 2061 1440 2101 iam
1470 2062 1599 2102 Troa-

201 2131 324 2180 dum3
357 2130 670 2171 observandum
702 2134 766 2171 est
798 2132 908 2171 enim
929 2131 1098 2171 Attium
1131 2131 1390 2183 argumentis
1424 2128 1599 2170 Graecis

200 2214 417 2253 nunquam
448 2200 602 2240 latinos
634 2200 782 2241 titulos
821 2199 1082 2254 inscripsisse
1112 2198 1485 2253 (Epinausimache
1514 2197 1598 2253 Ny-

201 2254 419 2323 ctegresia,
451 2267 595 2309 Persis
617 2268 764 2323 [vulgo
785 2268 1009 2316 Persidae3
1043 2267 1138 2307 vide
1167 2267 1313 2322 infraq,
1348 2266 1600 2320 Stasiastae)

201 2336 434 2376 dummodo
466 2338 680 2391 exceperis
711 2337 944 2377 Armorum
980 2336 1201 2384 iudicium,
1244 2336 1310 2376 eui
1348 2338 1599 2390 argumento

200 2405 283 2445 iam
315 2404 527 2445 Pacuvius
557 2405 731 2445 latinam
763 2405 1088 2459 appellationem
1119 2404 1342 2445 indiderat.

318 2473 382 2513 Ut
425 2473 538 2528 apud
582 2473 854 2527 Euripidem,
911 2473 972 2512 ita
1022 2473 1135 2526 apud
1188 2474 1384 2512 nostrum
1433 2486 1599 2525 quoque

203 2556 355 2596 praeco
397 2541 650 2595 Talthybius
692 2541 868 2596 captivis
909 2541 1077 2581 videtur
1107 2541 1340 2588 nunciasse,
1374 2554 1599 2593 quamnam

203 2624 394 2662 quaeque
425 2613 583 2650 sortem
616 2610 669 2649 sit
702 2610 866 2650 sortita.
930 2609 1100 2662 Pergit:
