1846 3136
83 493 150 536 62.

83 920 151 963 63.

1517 188 1568 231 31

175 286 375 329 Modeste
417 286 648 341 respondet
689 284 860 335 Ulixes,
904 286 1079 327 nimium
1110 301 1154 328 se
1184 290 1384 344 anteponi
1415 305 1440 331 a
1469 291 1572 332 Dio-

178 356 298 397 mede
328 356 417 396 aliis
461 356 582 405 viris,
625 356 695 409 qui
735 355 882 396 itidem
922 354 1212 397 lubentissime
1253 372 1348 398 eum
1380 360 1572 401 comitari

175 425 409 466 voluerint:
441 441 539 465 nam
571 425 699 465 etiam

290 494 398 536 XII.
441 494 499 536 Vi
528 494 620 535 illos
653 496 802 548 suapte
832 492 1000 534 induxit
1032 495 1187 544 virtus3
1220 495 1269 536 tu
1289 496 1457 537 laudem
1487 498 1573 538 illo-

593 563 688 604 rum
720 563 845 604 levas.

173 633 286 675 Dein
336 635 566 688 postquam
605 633 845 674 Minervam
886 633 929 673 in
974 633 1176 674 auxilium
1223 634 1570 689 imploraverunt,

174 702 344 744 abeunt.
390 700 593 743 Secutum
624 704 688 742 est·
719 702 806 742 sine
837 701 967 743 dubio
988 717 1155 743 carmen
1186 703 1316 752 chori,
1346 719 1430 757 quo
1451 704 1572 745 finito

174 771 459 827 speculatores
489 771 646 812 reversi
666 771 879 811 Dolonem
901 772 943 811 in
965 786 1133 812 scenam
1163 772 1433 826 protrahunt.
1482 773 1573 814 Hu-

174 841 239 882 ius
271 843 370 881 sunt
402 843 583 881 mortem
615 840 879 895 deprecantis
908 840 977 895 (cf.
1002 841 1051 882 Il.
1090 841 1153 882 10.
1187 841 1284 883 378.
1315 841 1413 884 412.
1446 841 1570 897 427):

290 919 422 963 XIII.
468 919 636 962 Cuncta
683 920 914 976 e'xpedib03
965 921 1010 962 id
1056 920 1182 962 modo
1232 922 1296 962 ius
1348 922 1573 963 iurandum

596 990 707 1031 date.

173 1059 423 1115 Exploratis
453 1059 596 1113 itaque
635 1058 785 1107 rebus,
825 1059 967 1113 quales
1010 1074 1099 1100 sese
1136 1059 1319 1102 habeant
1348 1062 1392 1102 in
1422 1062 1572 1102 castris

174 1129 383 1177 Troianis,
415 1128 630 1169 Dolonem
652 1127 828 1169 ducibus
860 1129 1183 1170 custodiendum
1212 1131 1389 1171 tradunt
1421 1133 1463 1172 et
1491 1145 1574 1172 sce-

174 1214 272 1240 nam
302 1198 456 1239 iterum
486 1198 740 1252 relinquunt.
796 1196 881 1238 Sed
912 1198 1185 1240 destituimur
1225 1199 1292 1240 hic
1330 1200 1454 1255 plane
1492 1199 1574 1241 fra-

174 1271 445 1324 gmentorum
466 1267 668 1322 vestigiis,
700 1269 749 1307 ut
772 1266 824 1307 de
850 1282 1053 1322 processu
1082 1268 1250 1309 fabulae
1271 1269 1456 1310 iudicare
1486 1285 1572 1310 non

173 1337 400 1394 possimus.
469 1336 674 1377 Attamen
726 1336 879 1377 chorus
931 1340 974 1378 et
1024 1338 1235 1393 principes
1284 1341 1463 1394 propter
1513 1339 1575 1380 rei

175 1409 395 1456 eventum,
439 1421 463 1446 a
494 1421 577 1460 quo
608 1405 719 1446 bona
750 1406 943 1460 malaque
973 1406 1146 1447 fortuna
1176 1408 1318 1449 omnio
1347 1408 1572 1464 pendebat,

174 1477 284 1517 inter
313 1490 431 1531 spem
462 1479 706 1529 metumque
746 1474 1021 1524 fluctuantes,
1062 1475 1209 1517 Dolon
1246 1478 1500 1532 perterritus
1531 1480 1574 1519 et

174 1545 360 1587 incertus
390 1560 492 1585 num
522 1545 655 1586 vitam
686 1559 740 1585 an
779 1547 961 1585 mortem
996 1544 1075 1586 sibi
1107 1544 1261 1587 Graeci
1303 1547 1444 1587 daturi
1475 1547 1572 1596 sint,

174 1614 357 1656 fortasse
386 1615 515 1655 etiam
545 1629 611 1655 res
640 1613 780 1667 aliqua
801 1628 852 1654 ex
882 1617 1037 1669 poetae
1067 1615 1309 1657 inventione
1340 1617 1572 1665 interiecta,

175 1684 326 1725 deinde
364 1684 526 1724 reditus
566 1683 707 1724 Ulixis
749 1686 791 1724 et
830 1683 1054 1724 Diomedis
1099 1686 1198 1738 post
1243 1700 1387 1726 necem
1428 1685 1572 1735 Rhesi,

174 1753 415 1794 interfectio
466 1753 644 1807 denique
692 1752 895 1793 Dolonis:
951 1752 1057 1794 haec
1108 1754 1248 1794 omnia
1295 1754 1420 1796 Attio
1471 1755 1573 1795 satis

175 1837 304 1879 grave
337 1825 635 1878 argumentum
667 1821 922 1871 offerebant,
965 1823 1080 1876 quod
1111 1823 1321 1865 cothurno
1352 1839 1404 1865 ex
1433 1824 1574 1865 indole

175 1893 363 1948 tragicae
406 1893 546 1947 poesis
597 1892 757 1946 optime
807 1892 1127 1933 accommodare
1176 1895 1358 1948 poterat.
1427 1892 1574 1944 Quum

175 1961 342 2011 fabula,
389 1964 439 2002 ut
482 1961 738 2016 Euripidea,
791 1962 879 2002 sine
925 1960 1055 2002 dubio
1100 1962 1335 2017 crepusculi
1380 1964 1574 2018 tempore

175 2031 295 2072 finita
352 2032 429 2080 sit,
500 2045 552 2072 ex
611 2031 782 2072 incertis
841 2030 1091 2086 fragmentis
1161 2031 1425 2087 probaliliter
1491 2032 1574 2073 huc

175 2100 372 2142 affertur:

294 2309 362 2344 Xll,
397 2308 484 2344 Non,
511 2320 542 2351 p,
569 2312 646 2345 336,
673 2312 729 2344 29,
775 2311 899 2341 Leware
924 2310 1063 2345 solvere,
1090 2331 1108 2336 -
1135 2330 1152 2337 -
1183 2311 1311 2342 Levare
1335 2311 1437 2342 etiam
1465 2311 1575 2342 milm-

177 2379 242 2402 ονε,
276 2368 400 2398 Accius
425 2387 444 2393 —
473 2387 491 2393 -
519 2367 611 2399 Idem
640 2369 685 2409 A)
697 2369 893 2411 ptegresz'u:
918 2368 977 2399 illo
1003 2377 1124 2412 suapte
1141 2387 1228 2391 ——
1251 2368 1343 2405 {illos
1368 2375 1488 2409 suapte
1513 2369 1573 2408 A.)

178 2423 384 2456 Coniectura
410 2430 461 2456 est
488 2423 692 2457 Lachmanni
725 2427 963 2465 (commentar.
991 2427 1022 2457 in
1051 2425 1181 2459 Lucret.
1216 2428 1246 2458 6.
1275 2426 1357 2464 755)
1385 2426 1439 2467 qui
1467 2425 1572 2464 addit,

177 2487 329 2524 suapte
355 2492 415 2525 pro
442 2488 605 2525 sponte
630 2483 696 2514 dici
724 2485 893 2515 somnium
921 2493 994 2515 esse
1021 2483 1125 2516 Isaaci
1154 2483 1277 2518 vossii,

295 2551 375 2585 Xlll.
412 2551 497 2585 Non.
531 2562 563 2594 p.
600 2554 677 2586 505.
712 2554 743 2586 6.
794 2551 975 2595 Erpedibn
1007 2564 1074 2594 pro
1112 2551 1302 2595 expediam,
1339 2571 1357 2577 -
1394 2570 1412 2576 -
1451 2552 1573 2583 Accius

180 2611 433 2652 Nrclegt·esz'a:
467 2618 592 2641 cuncto
627 2622 701 2650 exp.
731 2628 816 2633 ——
843 2611 986 2648 (cuncta
1024 2609 1117 2648 edd.)
1169 2608 1356 2650 Ezpedire,
1389 2619 1571 2650 exponere.

179 2667 246 2701 CR:
274 2667 382 2700 Pauca
412 2667 648 2709 expediam
676 2668 785 2701 dictis.
825 2667 906 2709 Vir-g
943 2667 1004 2701 Ae.
1032 2669 1063 2700 3.
1090 2668 1168 2701 379.
1210 2665 1256 2700 ld.
1284 2665 1408 2709 Geor-g.
1434 2669 1465 2701 4.
1493 2668 1570 2701 286.

178 2724 278 2758 Nonii
306 2725 460 2768 exempla
488 2725 509 2760 l.
536 2736 564 2759 c,
