1856 3027
219 108 276 152 28

219 215 437 256 Homerus
468 218 511 256 et
543 216 677 258 multo
709 217 921 272 copiosius
953 219 1135 266 enarrat,
1169 218 1212 258 et
1253 218 1464 259 antecedit
1494 219 1620 260 etiam

220 286 493 326 nocturna
524 286 679 326 ducum
711 300 733 327 e
765 301 914 328 somno
950 287 1350 336 exsuscitatio,
1391 302 1497 342 quae
1526 303 1622 343 pro-

219 355 311 410 prie
340 369 443 396 voce
473 355 729 409 νυκτεγερσία
761 371 786 396 a
809 354 985 397 Graecis
1017 356 1243 411 significari
1275 356 1469 399 debebat.
1510 356 1622 398 Attii

220 438 322 465 vero
360 426 611 479 argumento
651 439 805 465 nomen
847 425 1115 480 aptissimum
1153 425 1336 466 inditum
1369 428 1445 467 cst.
1507 426 1623 467 Wel-

222 493 394 543 ckerus,
426 508 478 534 ne
508 495 678 535 nostrae
708 495 953 549 tragoediae
982 494 1221 550 exemplum
1255 495 1384 543 desit,
1417 495 1525 536 duos
1556 510 1623 536 ex-

221 564 359 604 titisse
402 563 597 619 perhibet
642 563 822 604 Athenis
867 563 1054 613 Rhesos,
1105 579 1286 618 quorum
1333 564 1440 605 alter
1485 564 1624 605 adhue

223 635 437 688 superstes
467 633 574 674 falso
606 633 805 688 Euripidi
834 634 1090 682 vindicetur3
1132 634 1338 689 genuinus
1369 648 1471 675 vero
1499 634 1623 676 Euri-

221 703 333 758 pidis
365 703 609 758 deperditus
643 718 692 744 ea
732 704 954 758 tragoedia
983 703 1134 752 fuerit,
1178 719 1304 757 quam
1344 703 1535 745 imitatus
1568 704 1623 745 sit

221 771 383 815 Attius.
437 771 519 813 Cui
549 788 626 814 nos
649 773 900 828 adstipulari
930 789 1015 814 non
1046 787 1171 828 posse
1202 776 1398 828 apertum
1430 776 1516 823 est3
1549 774 1624 815 sed

222 842 392 882 videtur
432 843 616 883 Latinus
656 846 786 898 poe'ta
823 844 968 898 potius
1011 846 1159 898 ahquid
1203 848 1444 899 ιἰιωγιριιιιιη
1487 861 1625 883 scenae

222 917 460 952 commisisse
493 912 620 966 (Hor.
651 912 704 955 A.
728 912 779 955 P.
816 912 932 967 125),
974 915 1022 954 ut
1052 913 1119 954 hic
1151 927 1319 966 quoque
1349 913 1488 954 valeat
1519 912 1624 953 illud

222 980 510 1022 Horatianum
545 982 615 1036 (A.
647 982 698 1026 P.
731 981 851 1037 285):

434 1055 508 1092 Nil
536 1058 761 1092 intentatum
796 1058 922 1092 nostri
950 1055 1094 1107 liquere
1121 1061 1275 1108 poelae,

434 1125 517 1162 Nec
555 1126 753 1162 minimum
794 1139 968 1162 meruere
997 1122 1112 1160 decus
1156 1126 1386 1176 vestigia
1426 1125 1626 1162 Graeca

434 1195 567 1231 Ausi
595 1193 836 1231 deserere
866 1192 965 1232 cett.

341 1258 522 1302 Scenam
544 1259 708 1301 concilii
738 1260 937 1301 nocturni
956 1259 1175 1301 Homerus
1197 1260 1398 1303 ostendit.
1430 1260 1626 1303 Acusto-

223 1329 348 1371 dibus
378 1330 490 1370 inter
517 1329 677 1371 fossam
708 1331 751 1371 et
782 1329 940 1371 vallum
980 1329 1198 1371 collocatis
1228 1329 1296 1384 (11.
1330 1329 1369 1372 9.
1403 1329 1498 1385 67),
1540 1345 1626 1385 quo

222 1399 521 1455 Agamemnon
543 1399 670 1440 duces
692 1399 916 1440 convenire
937 1399 1117 1440 iusserat
1138 1399 1205 1453 (Il.
1223 1398 1289 1441 10.
1307 1398 1419 1454 127),
1442 1398 1627 1441 Nestore

224 1469 330 1510 duce
360 1469 518 1510 vallum
549 1469 805 1524 transgressi
836 1469 878 1509 in
907 1469 1001 1510 loco
1034 1484 1058 1509 a
1089 1469 1269 1510 mortuis
1300 1484 1434 1510 vacuo
1465 1469 1533 1523 (Il.
1559 1468 1624 1511 10.

227 1537 310 1580 198
342 1539 424 1593 sq.)
453 1539 674 1580 consident
704 1541 832 1593 atque
862 1538 1082 1580 consilium
1113 1539 1273 1581 ineunt.
1327 1537 1541 1580 Credibile
1563 1541 1627 1580 est

223 1609 394 1650 Attium
426 1607 771 1649 deliberationem
802 1608 939 1658 illam,
984 1623 1068 1662 qua
1097 1608 1365 1664 Agamemno
1406 1608 1530 1664 plane
1560 1609 1628 1649 de-

224 1693 400 1734 sperans
430 1678 482 1719 de
512 1678 692 1719 victoria
722 1678 871 1734 fugam
899 1678 1061 1727 suadet,
1092 1678 1283 1732 quamvis
1315 1678 1430 1733 apud
1460 1678 1627 1733 epicum

223 1751 398 1805 poetam
437 1748 660 1790 antecedat
689 1748 756 1802 (H.
789 1747 828 1791 9.
859 1749 954 1803 in.),
987 1747 1069 1789 huc
1101 1748 1308 1790 attulisse.
1369 1747 1469 1789 Hoc
1500 1762 1627 1802 quam

224 1821 324 1875 apte
352 1818 445 1860 fieri
475 1818 687 1873 potuerit,
721 1832 852 1871 quum
882 1832 994 1858 nunc
1023 1816 1336 1873 Agamemnoni
1365 1817 1493 1858 etiam
1523 1817 1627 1858 illud

224 1888 411 1937 accedat,
444 1887 560 1942 quod
580 1887 766 1929 Achilles
797 1886 1077 1943 implacabilis
1106 1887 1270 1943 legatos
1293 1886 1511 1936 dimiserit,
1544 1901 1628 1927 ma-

224 1957 426 1999 nifestum
457 1959 534 1999 est.
569 1956 719 2012 Surgit
750 1957 882 2012 igitur
911 1957 1074 2012 primus
1106 1955 1371 2009 Ἀγαμέμνων
1393 1955 1629 2009 δακρυχέων

227 2026 330 2069 ὥστε
361 2024 488 2081 κρήνη
518 2024 772 2080 μελάνυδρος
800 2026 867 2081 (Il.
893 2025 931 2068 9.
959 2025 1029 2081 14)
1059 2028 1101 2067 et
1134 2025 1365 2079 alloquitur
1391 2024 1625 2080 principes:

341 2097 377 2138 Ι.
422 2094 555 2137 Cuius
586 2095 661 2137 vos
692 2096 866 2138 tumulti
896 2096 1024 2138 causa
1051 2095 1244 2136 accierim
1267 2096 1309 2136 et
1331 2093 1434 2149 quid
1462 2108 1624 2150 parem,

435 2165 676 2208 Advortite.
711 2191 762 2195 —-

223 2235 392 2277 Deinde
422 2235 762 2291 desperationem
794 2250 914 2277 suam
945 2234 1169 2277 describit:

342 2419 368 2453 l.
401 2420 488 2455 Non.
524 2432 556 2463 p.
587 2418 667 2457 484.
704 2424 724 2456 6
790 2422 947 2454 Tumulti
974 2434 1043 2466 pro
1079 2422 1245 2453 tumultus
1285 2442 1303 2447 -
1338 2441 1357 2447 -
1395 2422 1518 2453 Accius
1554 2441 1572 2447 -
1607 2441 1625 2447 -

226 2478 320 2511 Idem
347 2480 594 2522 Neclegrcsiu:
621 2490 649 2515 c,
675 2491 709 2515 v,
736 2487 759 2515 t,
787 2490 814 2515 c,
842 2491 892 2514 a,:
921 2488 950 2510 el
978 2480 1065 2525 qmd
1078 2491 1203 2523 parum
1221 2478 1381 2511 divorti?
1407 2479 1626 2511 (accierimeo

226 2535 314 2582 quid
336 2537 394 2574 W.
420 2555 460 2559 —
488 2537 561 2569 acie
594 2538 696 2569 timeo
731 2536 820 2582 quid
845 2539 934 2571 1480
961 2537 1000 2573 Α,
1029 2537 1054 2571 I.
1090 2556 1121 2563 -
1150 2538 1312 2569 accierim
1346 2545 1376 2569 et
1413 2534 1499 2581 quid
1522 2535 1555 2570 L.
1582 2553 1628 2558 -

227 2593 326 2640 quod
345 2605 473 2638 parum
501 2596 590 2629 1480
617 2594 676 2635 M.)
727 2594 931 2628 Coniectura
971 2601 1021 2628 est
1046 2595 1221 2638 Stephani,
1271 2593 1338 2630 Cf.:
1377 2593 1516 2632 Paucis,
1545 2593 1626 2625 ad-

228 2657 371 2692 verte,
397 2652 541 2688 docebo,
594 2652 686 2696 Virg.
713 2652 775 2688 Ae.
801 2654 834 2686 4.
865 2655 941 2688 115.
