1856 3027
154 492 222 535 77.

155 1059 224 1103 78.

158 1792 228 1836 79.

246 97 303 140 40

245 202 400 246 Finitis
432 203 696 246 orationibus
729 205 856 247 duces
888 205 1154 254 dissentiunt,
1193 208 1287 246 uter
1318 207 1520 247 exercitui
1551 206 1646 262 plus

245 273 467 329 profuerit.
530 274 669 315 Immo
709 275 905 316 rixantur
943 275 1211 330 Agamemno
1257 278 1299 316 et
1343 275 1563 317 Menelaus
1605 279 1648 317 et

245 342 565 385 vehementibus
597 343 736 385 verbis
779 344 1037 385 altercantur
1068 344 1176 385 inter
1208 359 1263 385 se.
1326 344 1523 387 Menelao
1553 361 1647 387 con-

246 413 420 454 veniunt
450 413 574 455 haec:

361 494 493 537 XIII.
540 493 631 536 Cur
661 495 807 536 ve'tera
837 497 925 535 tani
960 509 1010 534 ex
1043 494 1129 535 alto
1162 495 1388 550 appetissis
1421 495 1598 536 discidia

526 564 795 620 Agamemno
814 565 832 604 ’.Ρ

246 634 316 676 De
362 633 576 676 veteribus
622 634 807 676 discidiis
852 634 904 676 cf.
966 633 1141 689 Telephi
1189 634 1238 675 fr.
1293 634 1381 676 VII
1432 638 1474 675 ct
1522 634 1649 676 VIII.

246 703 407 746 Nestor
438 704 618 759 denique
650 704 832 745 suasisse
862 703 1054 752 videtur,
1100 712 1147 743 ut
1178 718 1245 744 res
1275 718 1351 759 per
1391 703 1483 745 illos
1515 705 1653 746 decer-

246 775 396 823 natur,
438 788 566 829 penes
613 788 720 828 quos
761 773 1127 829 expeditissimum
1171 773 1225 813 sit
1267 773 1318 813 de
1350 788 1398 814 ea
1433 773 1649 815 iudicium.

246 843 357 885 Nam
393 843 602 885 Troianos
651 844 767 899 ipsos
808 844 968 899 optime
1010 843 1139 892 scire,
1188 845 1284 884 uter
1334 858 1405 884 eos
1457 843 1652 898 graviore

248 913 403 955 damno
444 913 642 955 affecerit.
703 913 993 955 Arcessuntur
1034 913 1168 968 igitur
1208 913 1386 968 captivi,
1435 928 1456 953 e
1497 912 1651 967 quibus

247 982 429 1025 nobilior
460 983 610 1038 aliquis
641 983 820 1024 dixerit:

364 1064 491 1106 XIV.
535 1065 650 1106 Hem
689 1064 840 1106 vereor
890 1064 984 1119 plus
1041 1079 1167 1118 quaxn
1218 1063 1283 1104 fiis
1326 1066 1391 1104 est
1435 1064 1651 1119 captivum

669 1133 843 1176 hiscere.

246 1205 455 1260 (Possunt
485 1208 629 1246 tamen
667 1206 709 1245 et
749 1203 902 1245 Graeci
944 1203 1162 1244 cuiusdam
1206 1206 1331 1257 esse.)
1375 1202 1494 1244 Ulixi
1536 1217 1655 1244 arina

247 1276 308 1317 ita
336 1273 646 1316 adiudicantur.

249 1345 406 1400 Incipit
437 1344 571 1386 altera
605 1344 852 1400 tragoediae
883 1359 995 1399 pars,
1031 1342 1282 1399 Sophoclea.
1315 1342 1427 1384 Aiax
1447 1343 1503 1397 (v.
1526 1340 1654 1396 462):

459 1427 523 1466 καὶ
556 1432 673 1466 πυΐον
705 1424 820 1477 ὄμμα
853 1425 974 1478 πατρὶ
1005 1423 1179 1477 δηλώσω
1211 1425 1351 1478 φανεὶς

463 1498 705 1550 Τελαμῶνις
737 1499 825 1542 πῶς
854 1510 904 1546 με
936 1492 1134 1546 τλήσεταί
1161 1493 1250 1534 ποτ’
1286 1495 1447 1535 εἰσιδεῖν

460 1562 615 1617 γυμνὸν
645 1563 826 1617 φανέντα
857 1566 939 1603 τῶν
967 1562 1182 1616 ἀριστείων
1213 1561 1309 1616 ἄτερ

464 1626 520 1674 ὧν
550 1631 679 1680 αὐτὸς
709 1630 798 1683 ἔσχε
831 1631 1035 1686 στέφανον
1067 1631 1249 1678 εὐκλείας
1278 1631 1433 1688 μέγανς

250 1716 399 1759 Attius
430 1713 610 1756 eundem
640 1713 700 1754 ita
730 1713 975 1767 loquentem
1006 1712 1129 1754 facit:

367 1796 471 1839 XV.
515 1794 661 1838 Mai6r
692 1795 772 1836 erit
802 1794 942 1836 luctus
984 1794 1079 1835 cuin
1112 1809 1177 1835 nie
1216 1795 1464 1837 damnatum
1498 1795 1657 1838 audiet.

252 1987 441 2017 Armorum
467 1981 623 2014 iudicio.-
641 1999 674 2005 —
687 2000 727 2005 —
745 1981 1032 2025 Distinguendum
1051 1983 1138 2014 iuter
1165 1982 1394 2014 dissidium
1422 1981 1606 2022 (dissideo)
1625 1986 1658 2013 e·

253 2053 493 2087 discidium
519 2051 697 2091 (disemo.)
723 2069 765 2074 -
793 2052 985 2095 Appianis
1018 2056 1069 2083 est
1105 2035 1175 2080 ἆπ.
1218 2041 1298 2092 lay.
1358 2069 1397 2074 -
1450 2035 1519 2085 ci:
1569 2049 1658 2091 Quid

254 2122 374 2145 causas
398 2111 514 2154 petis
546 2120 594 2142 ex
620 2108 747 2141 alto?
799 2108 891 2152 Vin-g,
918 2109 979 2144 Ae,
1007 2110 1039 2143 8,
1066 2110 1147 2144 395,

368 2179 457 2214 XIV.
498 2179 584 2214 Non.
611 2190 643 2221 p,
673 2180 750 2214 120.
776 2179 832 2213 28,
884 2179 1024 2210 Hiscere
1050 2185 1097 2209 est
1123 2179 1267 2221 propt-ie
1293 2177 1400 2222 loqui,
1441 2179 1566 2210 Accius
1592 2181 1660 2210 ΑΙ·-

254 2249 389 2271 morum
423 2236 575 2270 iudicio:
610 2254 701 2260 -—
738 2237 817 2268 item
853 2247 979 2268 verem-
1004 2235 1062 2276 A.)
1099 2234 1165 2270 CR:
1198 2235 1362 2267 Vei-ear
1396 2245 1451 2267 me
1486 2235 1659 2271 incedere.

255 2296 366 2330 Plaut.
392 2294 460 2330 Mil,
488 2295 535 2338 gl.
561 2298 596 2330 4.
624 2297 655 2330 7.
683 2293 851 2329 2.-Nec
876 2294 965 2326 scire
990 2293 1050 2326 fas
1079 2299 1142 2326 est
1167 2293 1294 2327 onmia.
1320 2292 1402 2329 Hor.
1429 2291 1542 2328 Carm.
1569 2295 1603 2327 4.
1626 2293 1660 2328 4,

253 2356 310 2389 22,
337 2371 383 2377 ——
408 2352 479 2385 Nec
505 2352 666 2385 attollere
691 2351 810 2385 oculos
837 2357 896 2384 aut
921 2351 1093 2384 hiscere
1129 2350 1314 2387 audebant,
1363 2350 1434 2386 Liv.
1458 2351 1497 2388 6.
1525 2352 1579 2386 16.
1608 2352 1663 2386 13,

371 2422 440 2458 XV,
474 2422 560 2457 Non.
586 2433 618 2465 p.
645 2421 723 2457 276.
751 2423 805 2457 31.
857 2421 1038 2454 Damnare
1073 2429 1122 2453 est
1148 2420 1278 2453 damno
1312 2419 1468 2466 afficere.
1495 2440 1514 2447 -
1540 2438 1560 2445 -
1585 2420 1661 2453 Da-

254 2493 376 2514 mnare
406 2488 454 2512 est
488 2482 598 2512 morti
633 2479 730 2512 clare.
764 2499 782 2506 -
811 2499 829 2506 -
863 2484 990 2512 Acclus
1022 2482 1210 2511 Armorum
1247 2477 1395 2511 iudicio:
1431 2495 1520 2502 —-—
1554 2476 1661 2518 „Non

255 2544 349 2571 recte
374 2538 440 2571 hoc
463 2537 593 2570 Nonius
624 2538 725 2570 morti
753 2537 868 2569 datum
901 2536 1095 2580 significare
1127 2537 1283 2579 putavit,
1320 2547 1424 2580 quum
1457 2535 1582 2569 damno
1604 2535 1661 2568 af-

256 2597 382 2629 fectum
412 2595 468 2629 vel
495 2596 528 2628 in
555 2596 682 2628 iudicio
710 2595 873 2628 reiectum
902 2596 1022 2627 iiotet“
1048 2594 1161 2627 Herm.
1203 2593 1377 2638 Nusquam
1405 2594 1567 2627 damnare
1591 2603 1661 2625 non

257 2654 372 2688 addito
401 2655 512 2697 capite
539 2654 592 2686 vel
621 2653 741 2696 capitis
767 2663 828 2696 pro
857 2653 955 2685 morti
978 2652 1060 2685 dare
1087 2652 1257 2685 invenies.
