1856 3027
227 104 282 146 70

226 208 371 251 Verba
400 208 503 249 haee
534 222 642 262 equo
674 208 877 262 inscripta
914 206 1057 248 retulit
1098 206 1246 261 aliquis
1278 206 1330 247 de
1361 204 1624 248 Graecorum

228 278 347 320 abitu
356 292 583 334 exponens.
608 276 739 319 Sinon
751 277 978 318 adducitur
989 278 1242 332 apiseatore,
1257 276 1327 330 qui
1341 290 1437 317 eum
1447 275 1625 331 reperit:

139 342 219 385 145
342 348 400 389 II.
441 347 509 389 Eo
541 348 638 388 ante
669 349 815 395 noete,
857 346 1029 387 extenta
1059 345 1166 386 retia.
1197 345 1246 385 ut
1277 345 1552 400 proveherem
1585 347 1627 384 et

650 417 881 457 statuerem

439 486 572 527 Forte
614 485 831 539 aliquanto
870 499 996 539 quam
1035 484 1182 526 solitus
1220 483 1359 525 lembo
1402 483 1494 524 sum
1537 497 1629 538 pro-

653 569 823 610 gressus
853 554 1032 610 longius,

234 624 389 673 Sinon,
428 625 495 666 cui
529 625 650 666 initio
687 639 838 680 parum
879 624 1125 672 confiditur,
1167 623 1408 665 admonitus
1439 637 1491 663 ne
1528 620 1634 662 falsa

234 694 455 749 loquatur,
486 695 737 750 respondet:

146 762 226 804 146
354 764 436 805 ΙΙΙ.
481 762 614 805 Satin'
647 763 697 805 ut
727 777 1020 818 quemcunque
1055 763 1207 804 tribuit
1241 762 1415 803 fortuna
1445 762 1634 803 ordinem

443 832 672 888 Nunquam
688 833 774 874 ulla
789 833 1004 874 humilitas
1021 834 1237 889 ingenium
1258 831 1446 872 infirmat
1461 831 1634 873 bonum.

237 902 359 956 Quae
379 903 508 944 verba
527 903 610 944 huc
629 903 741 944 traxi
762 903 1008 945 recordat-us
1030 903 1111 945 loci
1129 902 1354 958 Virgiliani
1372 901 1467 955 (Ae.
1486 900 1525 942 2.
1538 900 1634 954 79):

353 1000 469 1006 ———
499 978 604 1022 Nec,
636 982 671 1014 ,η’
699 974 1072 1029 nn'.=et·ums01·tui1a
1105 975 1284 1012 Sinonem

452 1048 610 1087 pin-Til,
653 1061 790 1082 Vallum
825 1047 935 1082 CII-Hm
969 1045 1265 1096 mendacemque
1296 1042 1472 1097 ίΙΠΡΓΟὐα
1491 1042 1636 1096 fill‘ss'el·

237 1114 351 1155 Dein
395 1113 571 1153 nuncius
617 1111 769 1152 allatus
817 1111 871 1152 sit
917 1111 969 1152 de
1006 1110 1268 1153 Laocoontis
1313 1110 1428 1151 tristi
1464 1110 1640 1150 interitu

238 1184 378 1238 (Virg.
410 1182 488 1224 Ae.
526 1182 562 1224 1.
591 1180 669 1222 201
708 1182 789 1236 sq.)
847 1181 986 1222 Poeta
1015 1180 1204 1236 tragicus
1235 1179 1418 1221 fortasse
1446 1179 1640 1228 finxerat,

239 1253 358 1294 illum
392 1251 540 1293 Sinoni
571 1254 695 1292 antea
726 1250 1013 1299 maledixisse,
1053 1250 1114 1291 ita
1145 1252 1193 1291 ut
1230 1250 1318 1291 eius
1350 1251 1532 1291 mortem
1560 1248 1642 1290 Mi-

241 1337 394 1365 nervae
424 1336 606 1378 poenam
638 1335 728 1362 esse
757 1320 980 1377 perhibere
1010 1320 1161 1375 aliquis
1190 1319 1402 1376 potuerit:

153 1410 234 1453 147
357 1404 436 1447 IV.
479 1403 553 1444 Vel
582 1402 651 1443 hie
684 1404 755 1456 qui
786 1416 881 1443 eum
913 1404 1010 1442 ante
1042 1401 1245 1442 effrenata
1274 1399 1539 1456 impudentia

452 1473 731 1516 Praesentem
759 1486 959 1528 praesens
991 1471 1115 1512 dictis
1146 1474 1328 1511 mertare
1359 1470 1528 1512 institit.

243 1544 353 1586 Post
383 1543 539 1585 Troiae
569 1541 931 1597 expugnationem
963 1540 1209 1597 superbiens
1250 1540 1400 1594 aliquis
1432 1538 1644 1581 Graecus:

156 1618 238 1662 148
362 1614 417 1656 V.
459 1612 549 1654 Nos
581 1612 784 1654 continuo
819 1610 982 1652 ferrum
1013 1611 1214 1667 eripimus
1245 1609 1429 1652 omnibu'
1463 1609 1646 1650 manicas

664 1681 872 1723 neximus.

362 1869 402 1905 Π.
436 1869 523 1904 Non.
551 1880 582 1912 p.
610 1869 688 1903 534.
714 1870 746 1903 2.
797 1868 939 1900 Lembus
964 1867 1129 1900 navicula
1152 1866 1266 1898 brevis
1290 1865 1495 1910 piscatoria.
1524 1865 1649 1896 Accius

249 1928 438 1972 Deg'foebo:
475 1941 526 1962 eo.
552 1940 587 1962 α.
613 1940 647 1963 η.
673 1935 819 1959 externa
846 1938 875 1960 r.
910 1937 942 1961 u,
974 1936 1095 1968 praev.
1121 1932 1152 1956 et
1179 1932 1222 1958 st.
1249 1924 1371 1955 solitus
1401 1923 1424 1958 l,
1445 1934 1472 1956 s.
1496 1934 1531 1966 p.
1557 1921 1578 1957 I,
1612 1939 1647 1946 —

251 1990 362 2029 Quam
389 1998 464 2020 cum
483 1986 633 2029 Bergkio
661 1985 775 2019 addidi
803 1985 901 2016 metri
929 1989 962 2016 et
988 1993 1107 2016 sensus
1134 1992 1245 2016 causa.
1283 1979 1441 2013 Ceterum
1468 1979 1525 2012 alii
1551 1980 1648 2012 coni:

250 2057 315 2089 ego
348 2053 429 2078 ante
452 2046 599 2085 (aulem)
637 2051 739 2075 nocte
765 2043 931 2082 (noctem)
966 2040 1128 2073 hesterna
1167 2043 1359 2078 (eut-mna,
1385 2057 1425 2062 —
1453 2028 1559 2078 mum)
1586 2057 1604 2064 -·
1631 2057 1650 2063 -

249 2106 355 2137 solito
380 2122 396 2131 -
423 2123 461 2138 -.

243 2211 246 2212 ⁷
368 2172 424 2206 111.
463 2172 566 2206 Prisc.
593 2172 636 2204 de
661 2176 759 2205 metr.
786 2169 859 2204 Ter.
885 2171 919 2204 2.
949 2170 1002 2205 15.
1055 2170 1171 2200 Attius
1196 2187 1215 2194 -
1241 2186 1260 2192 -
1288 2165 1379 2198 Idem
1414 2167 1452 2198 in
1477 2163 1651 2197 Persidis:

251 2236 277 2267 S
318 2245 350 2268 u.
378 2243 476 2278 quem
502 2231 623 2274 cuique
649 2228 726 2274 t.f
753 2227 812 2262 o.?
849 2229 967 2273 A'mzq,
1005 2244 1113 2260 --.
1145 2226 1247 2257 Satin
1281 2223 1328 2256 ἰιι
1372 2233 1433 2267 pro
1460 2233 1575 2256 nonne
1600 2232 1653 2264 ap.

252 2291 362 2327 Plaut.
387 2290 487 2323 Mero.
515 2291 548 2323 2.
574 2291 607 2322 4.
638 2288 690 2322 13.
717 2286 784 2319 Mil.
810 2285 856 2329 gl.
882 2287 916 2321 4.
941 2287 972 2320 3.
998 2287 1058 2321 41.

369 2361 426 2394 lv.
460 2358 547 2393 Non.
585 2369 619 2402 p.
658 2358 735 2392 139.
767 2357 800 2391 2.
854 2356 1047 2394 Merlaret,
1086 2361 1268 2398 mergeret,
1308 2353 1432 2384 Accius
1465 2370 1484 2378 -
1510 2368 1529 2375 -
1561 2348 1655 2382 Idem

255 2419 429 2466 Dezsobo:
466 2418 523 2450 vel
545 2416 617 2455 hic,
652 2416 715 2462 qni
747 2426 798 2446 me
823 2426 844 2446 a
879 2421 981 2458 parte
1015 2431 1126 2446 ——.
1163 2412 1243 2458 (qui
1274 2411 1310 2442 ιἰι
1345 2421 1385 2442 ea
1417 2416 1519 2453 par-le
1555 2406 1653 2447 edd.)

256 2479 408 2518 Institit,
441 2475 592 2515 studuit3
630 2484 705 2506 cum
741 2472 865 2507 infinit.
902 2471 1026 2516 (vulgo
1052 2474 1218 2514 sequente
1252 2473 1296 2501 ut
1326 2467 1381 2500 vel
1404 2468 1470 2507 ne)
1503 2475 1558 2509 ap.
1584 2463 1655 2498 Cic.

257 2536 350 2570 Verr.
378 2537 411 2571 2.
437 2537 469 2569 3.
495 2536 549 2568 59.

375 2604 413 2638 V.
451 2604 544 2637 Prisc
587 2602 619 2636 d.
647 2613 676 2636 a.
700 2612 733 2645 g.
759 2602 792 2635 9.
818 2601 850 2635 6.
877 2602 933 2635 33.
984 2601 1083 2633 Nexo
1109 2608 1248 2644 quoque
1274 2607 1380 2628 nexas
1405 2594 1461 2627 vel
1483 2604 1593 2632 nens,
1619 2599 1658 2623 ut

259 2663 377 2697 Probo
402 2662 534 2707 placet,
560 2661 669 2693 nexui
692 2678 711 2685 -
739 2679 757 2686 -
785 2660 900 2692 Attius
925 2659 960 2690 ιή
997 2654 1195 2700 Deiphobo:
1224 2673 1314 2678 -—
1338 2651 1432 2686 Idem
1458 2651 1499 2687 fr.
1532 2649 1657 2683 ibidem
