1846 3136
501 696 896 789 Tragoediae
945 698 1318 792 crepidatae.

721 931 782 983 Ι.
823 930 1106 996 Cypria.

641 1055 680 1097 T
709 1056 747 1097 E
779 1056 818 1097 L
848 1055 887 1097 Ε
918 1056 955 1098 P
986 1056 1032 1097 H
1062 1056 1107 1099 U
1139 1056 1183 1099 s,

355 1170 425 1214 Cf.
458 1171 577 1214 Iahn.
626 1171 841 1226 Telephus
880 1171 968 1212 und
997 1172 1191 1223 Troilus3
1233 1173 1376 1215 Kiliae
1410 1174 1537 1221 1841.
1568 1192 1611 1233 p.

214 1239 272 1281 37
312 1255 374 1294 sq.
446 1240 660 1283 YVeleker.
703 1243 757 1282 tr.
807 1239 884 1282 Gr.
929 1256 970 1296 p.
1013 1240 1065 1282 31
1120 1257 1183 1296 sq.
1227 1242 1509 1288 Grotemeier.
1560 1246 1614 1287 de

215 1310 267 1351 L.
290 1309 402 1350 Attii
431 1309 675 1364 tragoediis.
721 1309 837 1351 Diss.
868 1310 1008 1365 inaug.
1031 1310 1221 1353 Monast.
1258 1311 1366 1355 1851
1399 1328 1440 1368 p.
1471 1313 1526 1355 25
1549 1329 1611 1369 sq.

329 1378 507 1434 Telephi
536 1378 771 1428 historiam,
807 1394 935 1433 quam
961 1378 1216 1421 Aristoteles
1245 1380 1369 1423 Poet.
1408 1382 1473 1425 13.
1505 1382 1532 1425 ’7
1561 1384 1613 1424 iis

211 1448 466 1489 adnumerat
505 1447 676 1503 mythis,
719 1448 791 1501 qui
831 1448 1180 1503 splendidissimis
1219 1451 1450 1506 tragoediis
1490 1467 1613 1508 argu-

213 1519 356 1558 menta
399 1516 691 1572 praebuerint,
733 1517 1001 1558 tractandam
1047 1518 1126 1559 sibi
1171 1523 1444 1575 sumpserunt
1489 1521 1613 1563 multi

212 1586 364 1641 tragici
393 1589 565 1641 poetae:
605 1585 856 1641 AeschyIUS,
890 1585 1136 1642 Sophocles,
1166 1588 1407 1644 Euripides,
1430 1590 1611 1646 Iophon,

212 1655 430 1711 Agathon,
464 1654 699 1711 Cleophon,
730 1655 960 1697 Moschion
981 1658 1023 1697 et
1054 1671 1075 1697 e
1097 1657 1263 1698 Latinis
1284 1659 1424 1713 poe'tis
1444 1659 1611 1701 Ennius

213 1727 256 1765 et
286 1724 445 1767 Attius.
509 1723 706 1775 Quorum
736 1725 979 1780 tragoedias
1011 1727 1198 1781 exceptis
1228 1728 1373 1782 paucis
1402 1727 1611 1784 fragmen-

212 1793 269 1834 tis
290 1795 472 1834 aetatem
494 1809 578 1834 non
599 1793 758 1842 tulisse,
782 1808 833 1835 eo
854 1794 1143 1835 vehementius
1165 1795 1394 1837 dolendum
1416 1800 1493 1846 est,
1525 1813 1610 1852 quo

213 1863 348 1917 magis
377 1863 564 1918 tragicae
593 1862 734 1917 poesis
764 1863 896 1903 indoli
926 1866 1027 1918 apta
1056 1864 1273 1913 videntur,
1312 1880 1420 1919 quae
1451 1867 1503 1907 de
1533 1867 1612 1908 Te-

212 1931 326 1986 lephi
365 1931 544 1972 historia
588 1931 759 1986 cognita
806 1931 1025 1974 habemus.
1087 1931 1152 1973 Ne
1192 1933 1273 1974 hoe
1319 1935 1490 1988 quidem
1531 1937 1611 1978 nisi

212 2000 384 2041 incertis
415 2001 668 2042 coniecturis
708 2001 873 2054 assequi
913 2016 1162 2056 possumus,
1203 2017 1406 2056 quasnam
1444 2005 1612 2060 potissi-

212 2083 329 2110 mum
358 2070 543 2110 universi
573 2070 710 2124 mythi
738 2073 882 2125 partes
905 2071 1059 2125 singuli
1088 2074 1240 2126 poetae
1278 2072 1356 2113 sibi
1394 2073 1609 2129 elegerint.

212 2136 300 2179 Sed
339 2153 552 2180 summum
592 2139 730 2181 Euri
741 2139 887 2194 pidei
927 2139 1116 2195 Telephi,
1159 2141 1276 2182 euius
1318 2142 1442 2197 plura
1481 2157 1609 2196 quam

212 2210 451 2249 ceterorum
492 2208 735 2264 fragmenta
772 2211 1022 2264 supersunt,
1069 2209 1112 2250 in
1146 2210 1197 2250 iis
1236 2211 1425 2265 positum
1465 2210 1608 2260 fuisse,

210 2269 320 2330 duae
350 2276 462 2317 infra
493 2292 774 2332 exponemus,
815 2278 1005 2318 virorum
1035 2278 1260 2319 doctorum
1295 2280 1409 2320 iusta
1439 2282 1482 2321 et
1510 2295 1610 2321 una-

211 2345 335 2386 nimis
365 2344 452 2386 fere
475 2347 684 2387 sententia
715 2350 802 2395 est,
834 2361 969 2401 neque
990 2346 1071 2388 hoe
1100 2347 1348 2397 infitiantur,
1381 2362 1433 2388 ex
1461 2348 1611 2390 Attii

211 2413 462 2469 fragmentis
506 2415 683 2470 intelligi
722 2430 800 2470 par
847 2430 958 2464 esse,
1004 2416 1117 2456 idem
1162 2417 1198 2457 ei
1230 2417 1492 2472 cognominis
1527 2419 1610 2458 tra-

211 2483 387 2538 goediae
418 2487 717 2538 argumentum
746 2483 889 2526 fuisse.
952 2485 1057 2525 Inde
1098 2488 1314 2534 nostrum,
1358 2500 1488 2539 quum
1517 2499 1610 2540 per-

211 2565 337 2607 saepe
377 2552 597 2607 Euripidis
638 2553 829 2595 imitator
872 2554 1132 2608 reperiatur,
1174 2554 1242 2595 hic
1283 2568 1452 2608 quoque
1491 2553 1610 2595 illum

212 2623 310 2662 ante
331 2621 475 2662 oculos
496 2620 693 2662 habuisse
713 2621 846 2663 facilis
868 2625 932 2663 est
955 2623 1208 2672 coniectura,
1240 2637 1348 2677 quae
1376 2621 1609 2678 probabilis

210 2687 261 2731 fit
290 2703 363 2738 eo,
396 2690 523 2744 quod.
554 2690 594 2731 fr
624 2690 739 2733 XVI
770 2705 865 2733 eum
894 2690 1046 2747 Eurip.
1078 2691 1130 2734 fr.
1163 2691 1339 2747 Telephi
1371 2690 1439 2740 24,
1475 2693 1518 2732 et
1554 2691 1607 2733 fir.

1280 2760 1329 2801 145
