1856 3027
259 109 315 151 56

258 213 383 255 lumis
413 214 642 254 remansit?
684 238 740 244 —-
765 237 815 241 ——
850 210 1065 262 Quocirca
1103 209 1301 251 credibile
1332 213 1414 259 est,
1457 211 1658 252 maiorem

259 283 506 338 tragoediae
544 284 711 338 partem
742 282 784 322 in
825 281 982 322 iudicio
1011 279 1396 329 Antenoridarum‚
1441 282 1585 321 utrum
1616 280 1658 320 in

258 366 363 408 agro
403 352 590 394 Troiano
629 350 891 406 relinquendi
936 349 1217 406 praemiisque
1255 348 1464 390 afficiendi
1504 352 1657 398 essent,

258 437 310 462 an
349 421 584 477 expellendi
624 421 668 462 in
708 420 832 461 aliam
872 422 1055 468 terram,
1099 420 1311 460 versatam
1349 432 1452 461 esse.
1513 417 1660 460 Duces

258 505 390 546 quum
437 489 735 532 beneficiorum
787 491 1059 544 acceptorum
1105 502 1313 531 memores
1358 488 1461 529 nihil
1511 488 1563 529 de
1608 488 1659 528 iis

258 560 597 609 constituissent,
641 574 665 599 a
707 558 889 614 populo,
937 558 1008 612 qui
1048 557 1336 599 Antenoridas
1384 558 1427 598 in
1471 557 1660 599 hostium

256 629 350 672 loco
380 628 529 670 habuit
559 643 686 670 causa
716 627 946 668 diiudicata
975 625 1106 667 fuisse
1140 626 1321 669 videtur.
1369 626 1465 668 Hac
1495 627 1660 668 ratione

257 699 399 741 onmia
431 698 599 754 egregie
630 698 898 738 conveniunt.
960 696 1156 737 Antenor
1187 695 1397 737 Troianus
1428 695 1511 736 fuit
1549 696 1661 737 ideo-

257 783 338 823 que
369 768 525 816 hostis3
559 766 735 808 Graecis
757 766 914 806 auxilio
945 765 1040 814 suit,
1072 765 1252 820 ideoque
1274 765 1446 807 amicus
1485 765 1660 807 Ducum

256 838 388 893 igitur
417 851 541 892 pares
573 836 824 884 sententiae3
856 834 1041 890 populus
1072 837 1215 875 autem
1247 849 1331 876 non
1358 838 1479 876 curat
1510 834 1660 877 benefi-

257 907 320 948 cia
351 907 393 946 in
421 906 683 961 potentiores
717 904 883 946 collata.
944 903 1043 945 Non
1074 918 1170 945 cum
1204 903 1379 945 Graecis
1410 904 1606 946 Antenor
1637 919 1660 945 e

256 976 396 1031 patria
424 974 721 1031 proficiscitur,
755 989 779 1014 a
809 973 963 1028 quibus
991 974 1144 1014 iniuria
1166 988 1209 1013 se
1240 972 1437 1014 affectum
1460 974 1660 1028 conqueri

255 1046 422 1101 potuit,
455 1060 539 1085 non
571 1059 666 1085 cum
697 1043 843 1084 Aenea
875 1042 1167 1097 Troianisque‚
1202 1041 1354 1097 quibus
1383 1042 1541 1083 invisus
1563 1042 1658 1091 fuit,

257 1114 331 1156 sed
362 1129 457 1156 cum
488 1114 678 1161 Venetis,
711 1111 878 1166 quibus,
911 1127 1041 1166 quum
1073 1111 1277 1152 auxilium
1307 1111 1502 1152 Troianis
1532 1111 1660 1153 laturi

254 1184 490 1232 venissent,
529 1185 578 1223 ut
608 1182 832 1230 Troianus,
865 1182 1023 1222 amicus
1054 1181 1136 1222 fuit
1173 1195 1309 1235 neque
1346 1181 1523 1230 invisus,
1562 1181 1661 1236 quia

256 1253 496 1295 certaminis
537 1251 766 1307 participes
797 1266 882 1292 non
921 1250 1101 1292 fuerant.
1163 1250 1413 1292 Necessario
1444 1253 1587 1292 autem
1617 1250 1660 1292 hi

254 1324 297 1364 in
341 1321 607 1377 tragoediam
649 1319 1053 1369 introducebantur,
1100 1322 1149 1361 ut
1191 1323 1538 1375 cognosceretur,
1585 1335 1661 1361 eur

253 1392 450 1434 Antenor
481 1406 577 1432 eum
616 1389 712 1430 filiis
753 1391 796 1430 in
837 1390 1169 1431 remotissimum
1212 1389 1339 1430 maris
1369 1389 1580 1430 Adriatici
1611 1390 1660 1430 si-

253 1477 356 1504 num
388 1475 477 1502 sese
508 1459 763 1502 conferret.“

370 1531 439 1571 Ita
469 1530 638 1585 egregie
659 1529 907 1570 Ahrensius.
953 1527 1040 1570 Sed
1060 1543 1145 1569 non
1170 1527 1275 1569 bene
1296 1543 1428 1569 unum
1459 1527 1658 1583 neglexit,

254 1600 369 1655 quod
391 1600 601 1641 cothurno
624 1600 784 1654 optime
807 1599 1002 1640 convenit
1034 1601 1076 1639 et
1110 1597 1164 1638 ad
1186 1600 1327 1639 totum
1358 1600 1659 1652 argumentum

252 1670 563 1726 praecipueque
620 1668 872 1720 περιπετειάν
925 1668 1164 1722 graviorem
1211 1667 1471 1709 reddendam
1517 1667 1659 1722 magni

253 1742 319 1781 est
370 1737 586 1779 momenti.
648 1737 878 1777 Interitum
918 1736 1188 1793 Pylaemenis
1236 1737 1290 1777 ad
1327 1737 1501 1777 Troiam
1550 1736 1657 1785 dico,

253 1808 371 1850 ducis
392 1807 676 1848 Henetoruln.
700 1806 793 1848 LiV.
823 1806 858 1848 1.
887 1805 932 1846 1:
970 1808 1135 1846 Casibus
1159 1807 1293 1845 deiude
1317 1812 1435 1846 variis
1456 1806 1661 1859 (CODStafa)

251 1881 492 1917 Antenorem
526 1894 608 1916 cam
654 1878 898 1914 malmmliue
930 1878 1140 1923 flammam,
1182 1879 1249 1929 qui
1278 1876 1464 1913 seditione
1496 1892 1542 1913 ea:
1575 1878 1657 1914 Pa-

250 1948 471 2002 phlagonia
501 1947 610 2000 publ
641 1953 676 1982 et
708 1946 816 1982 sedes
849 1958 882 1983 e!
914 1946 1072 1988 ducem,
1106 1959 1226 1996 rege
1258 1945 1569 1994 Pylaemene
1600 1947 1661 1982 (erl

261 2019 456 2054 Troiam
506 2019 727 2058 annuo,
775 2014 1010 2066 quaerebant
1054 2016 1202 2050 venisse
1243 2015 1280 2050 in
1326 2015 1499 2050 infimum
1538 2019 1657 2051 mari.»-

254 2085 480 2123 Hadrz'cztici
510 2087 634 2120 sinam
679 2083 776 2121 cett.
814 2080 907 2120 Iam
935 2094 1036 2120 vero
1071 2094 1201 2133 quum
1223 2078 1382 2120 Heneti
1408 2079 1462 2120 ad
1483 2079 1657 2121 Troiam

252 2166 336 2191 non
368 2150 666 2205 pugnaverint,
699 2148 833 2189 facilis
865 2150 929 2188 est
952 2148 1205 2196 coniectura,
1239 2148 1388 2188 ducem
1419 2163 1495 2188 sua
1524 2149 1657 2204 ipsius

252 2234 380 2259 manu
410 2219 642 2266 interiisse,
677 2217 827 2258 saltem
859 2216 973 2271 apud
1003 2218 1155 2271 poetas
1186 2217 1246 2257 ita
1275 2216 1405 2257 fuisse
1436 2217 1657 2260 traditum.

254 2287 422 2338 Quibus
452 2287 579 2328 rebus
611 2286 852 2327 deliberatis
885 2286 989 2326 duas
1024 2285 1274 2326 crediderim
1295 2286 1659 2344 Antenoridarum

251 2360 395 2412 partes
437 2355 696 2410 aequales
737 2355 889 2403 fuisse,
935 2369 1114 2408 quarum
1149 2355 1268 2410 prior
1299 2355 1559 2396 continuerit
1589 2356 1656 2396 ad-

252 2428 428 2466 ventum
449 2425 733 2473 Henetorum,
766 2424 967 2465 nuncium
1000 2424 1051 2465 de
1082 2424 1238 2465 Troiae
1270 2424 1584 2479 expugnatione
1614 2427 1657 2466 et

251 2494 519 2549 Pylaemenis
551 2496 757 2542 mortem
789 2494 1002 2548 posterior
1031 2493 1234 2534 iudicium
1265 2492 1370 2533 illud
1392 2491 1654 2534 Graecorum

252 2566 294 2603 et
332 2562 640 2618 profectionem
678 2562 1042 2603 Antenoridarum
1082 2561 1448 2616 Henetorumque.
1490 2577 1550 2593 —·
1572 2561 1655 2603 His

251 2632 495 2688 praemissis
526 2630 763 2686 fragmenta
796 2631 916 2672 facile
949 2630 1256 2686 intelliguntur.
