1856 3027
240 107 327 166 34,

237 212 405 253 Todten
438 211 710 266 gebiihrende
741 212 891 261 Recht,
926 213 1108 253 sondcrn
1143 212 1292 253 (larum
1322 212 1528 262 handcltc,
1562 214 1641 255 (1011

237 281 525 322 verkannnten
558 281 697 323 hohen
731 282 885 323 Werth
920 283 993 323 des
1025 282 1128 322 Aias
1161 299 1234 323 zur
1264 283 1398 323 vollen
1432 284 1641 324 Ancrkclr

237 366 354 406 nung
384 367 436 391 zu
478 351 668 406 bringen.
730 352 883 392 Dieser
923 352 1069 393 zweite
1100 352 1220 393 Theil
1265 353 1338 393 des
1372 353 1556 394 Dramas
1589 354 1644 393 ist

238 420 465 476 gleichsam
506 421 572 460 die
604 420 963 476 Rechtfertigung
1003 421 1077 461 der
1116 437 1198 462 von
1229 422 1374 462 Athen
1413 422 1508 462 ‹lcm
1540 422 1643 463 Aias

238 491 490 531 erwiescnen
535 489 783 530 heroischen
824 490 1101 545 Vcrehrung,
1152 491 1306 531 welche
1352 492 1502 532 immer
1547 507 1641 532 zum

238 558 720 614 Ankniipfungspunktc
767 560 834 599 0111
881 558 1088 601 Grabmal
1130 561 1389 615 vcrlangtc.“
1451 560 1642 605 Accedit,

238 629 353 684 quod
382 629 621 683 fragmenta
652 628 693 669 V
696 629 754 677 ll,
786 629 918 678 XIII,
951 644 1057 683 quae
1078 629 1328 670 Hermanno
1356 631 1643 671 coniecturam

239 714 358 739 suam
400 700 646 746 suaserunt,
687 713 773 738 non
813 698 970 739 habent
1012 699 1126 754 apud
1166 698 1445 754 Sophoclem,
1488 700 1553 740 cui
1585 714 1642 739 rer

237 768 473 823 spondeant
501 767 707 821 facileque
738 767 872 822 priori
903 768 1016 822 parti
1047 768 1214 809 fabulae
1244 769 1503 811 inseruntur.

355 837 467 878 Illud
497 837 625 877 etiam
656 836 777 877 valde
822 836 997 878 dubium
1031 841 1116 885 cst,
1156 854 1257 878 num
1291 842 1454 893 strages
1486 854 1644 878 armen-

238 911 404 955 torum,
449 922 559 961 quae
592 906 815 961 Sophoclis
846 906 968 947 Aiaci
1000 908 1196 962 proxima
1229 909 1378 948 mortis
1409 924 1535 948 causa
1566 911 1642 953 est,

238 978 381 1019 statim
422 979 522 1032 post
553 991 769 1016 armorum
813 976 1015 1017 iudicium
1058 977 1100 1017 111
1143 978 1288 1018 eadem
1320 977 1464 1018 fabula
1503 978 1645 1033 posita

239 1048 380 1089 fuerit.
444 1046 689 1088 Secundum
722 1045 933 1087 Graecam
965 1048 1232 1102 tragoediam
1263 1063 1348 1087 nox
1384 1048 1642 1088 intercessit:

239 1119 364 1158 nocte
395 1117 522 1157 etiam
555 1116 718 1157 facinus
741 1117 1016 1157 commissum
1047 1117 1149 1172 fingi
1178 1117 1318 1172 aptius
1350 1120 1414 1158 cst
1445 1120 1487 1157 et
1517 1117 1646 1158 eredi-

238 1187 376 1229 bilius.
438 1186 584 1233 Adde,
633 1201 719 1227 non
749 1200 895 1227 omnes
935 1190 1084 1241 poetas
1131 1187 1298 1227 novisse
1339 1186 1419 1227 1100
1450 1186 1641 1228 factum:

241 1273 338 1297 nam
379 1271 514 1310 neque
544 1255 769 1304 Arctinus,
810 1270 945 1310 neque
988 1257 1059 1310 qui
1098 1255 1258 1310 Nccyia
1295 1257 1549 1311 composuit,
1579 1271 1647 1297 ne-

242 1342 323 1381 que
354 1326 568 1368 Pindarus
597 1325 649 1366 de
680 1340 730 1366 eo
762 1326 994 1380 quidquam
1026 1326 1305 1367 tradiderant.

359 1395 513 1438 Oritur
552 1395 731 1449 denique
773 1396 987 1449 quaestio,
1029 1396 1097 1436 cui
1137 1396 1372 1436 iudicatum
1418 1395 1648 1437 tribuerint

240 1469 406 1522 poetae.
468 1465 538 1506 De
584 1464 785 1520 Aeschyli
831 1465 974 1506 fabula
1020 1466 1122 1506 hacc
1176 1466 1358 1506 servavit
1406 1464 1545 1507 Schol.
1593 1465 1648 1506 ad

239 1535 460 1591 Aristoph.
502 1535 689 1576 Acharn.
733 1533 839 1575 8483
883 1532 904 1574 ὃ
939 1535 1077 1586 στίχος
1117 1534 1199 1575 ἀπὸ
1243 1534 1455 1589 ὁράματος
1484 1534 1645 1586 Αἰσχί-

241 1608 312 1644 λου
342 1603 502 1644 (ὀπλων
539 1605 708 1657 κρίσεως
747 1604 1091 1656 ἐπιγεγραμιαίνοι)
1131 1605 1171 1644 ἐν
1211 1598 1241 1660 ᾦ
1282 1605 1524 1644 ἐπικαλεῖται
1575 1602 1648 1650 τὰς

242 1675 449 1727 Νηρέίῢας
481 1689 539 1720 τις
570 1671 819 1721 ἐξελθούσας
848 1679 979 1723 κρῖναι
1014 1672 1119 1725 πρὸς
1148 1672 1221 1725 τὴν
1257 1673 1390 1713 Θέτιν.
1442 1672 1647 1713 Attamen

242 1743 467 1797 quominus
498 1758 550 1783 ex
580 1743 694 1783 hisce
725 1742 962 1797 colligatur,
995 1741 1198 1782 Nereides
1231 1744 1272 1782 et
1301 1742 1458 1782 Thetin
1487 1742 1648 1783 iudices

241 1812 371 1854 fuisse
409 1812 489 1853 1100
530 1812 708 1867 impedit
748 1813 813 1866 (ut
856 1813 979 1852 acute
1019 1811 1271 1852 wolckerus
1314 1812 1646 1865 animadvertit),

242 1882 358 1936 quod
388 1881 500 1922 Aiax
532 1897 659 1922 causa.
691 1881 843 1922 cecidit
874 1881 1048 1929 iniuria3
1083 1881 1264 1922 debebat
1296 1882 1407 1922 enim
1429 1897 1548 1922 arma
1578 1896 1647 1921 au-

242 1952 352 1993 ferre
393 1954 436 1992 et
477 1954 654 2006 propter
694 1951 991 1992 fortitudinem
1033 1952 1284 2001 (maximam
1325 1953 1425 2006 post
1455 1950 1645 1997 Achillis,

243 2024 292 2062 ut
321 2022 412 2076 ipse
449 2021 600 2062 Ulixes
641 2023 827 2061 testatur
860 2019 991 2075 Soph.
1034 2021 1101 2062 Αἰ.
1139 2020 1248 2061 1340
1277 2022 1358 2075 sq.)
1388 2023 1430 2061 et
1468 2022 1648 2075 propter

242 2091 537 2146 cognationem
559 2090 783 2145 (Telamon
812 2092 853 2130 et
874 2090 1028 2131 Peleus
1059 2089 1213 2130 fratres
1239 2089 1374 2144 fuere)
1406 2092 1447 2129 et
1470 2091 1648 2144 propter

243 2161 485 2209 amicitiam,
519 2160 671 2214 quibus
701 2159 856 2200 Achilli
889 2160 1137 2200 coniunctus
1169 2159 1321 2201 fuerat.
1379 2159 1485 2199 Inde
1516 2173 1647 2213 quum

244 2231 345 2272 deos
377 2230 552 2270 iniurios
583 2230 743 2284 fingere
775 2245 859 2271 non
898 2229 1065 2270 licuerit
1096 2232 1269 2284 po'e'tae,
1309 2229 1416 2270 bene
1448 2228 1648 2269 observat

243 2301 479 2341 Ahrcnsius
519 2300 602 2354 (ed.
644 2299 798 2341 Aesch.
840 2299 990 2340 Didot.
1033 2314 1075 2353 p.
1118 2297 1222 2351 213)
1276 2299 1336 2338 ita
1385 2298 1476 2340 tolli
1523 2311 1648 2353 posse

244 2369 539 2411 difficultatem
580 2369 711 2418 hanc,
754 2372 803 2410 ut
833 2368 947 2408 Aiax
978 2367 1083 2408 falsa
1123 2368 1366 2408 testimonia
1403 2368 1647 2422 indignatus

245 2440 439 2481 Thetidis
472 2455 519 2480 os
551 2440 741 2481 divinum
773 2440 956 2479 testatus
1009 2438 1075 2479 sit.
1117 2437 1203 2478 Res
1235 2440 1300 2478 est
1338 2452 1437 2478 sane
1468 2435 1649 2477 difficilis

246 2509 503 2555 diiudicatu,
545 2511 593 2550 ut
623 2509 681 2549 nil
713 2508 765 2548 ab
799 2507 913 2549 omni
954 2509 1077 2562 parte
1108 2509 1271 2547 certum
1313 2506 1479 2560 assequi
1518 2505 1648 2560 possi-

245 2593 363 2627 1nus3
397 2579 703 2633 expeditiorem
726 2581 869 2618 tamen
891 2577 1211 2631 intelligentiam
1234 2576 1649 2628 commodioremque

245 2648 568 2702 explicationem
596 2647 708 2689 Attii
747 2646 1088 2702 fragmentorum
1119 2673 1176 2678 —-
1207 2645 1407 2702 Aeschyli
1439 2645 1548 2686 enim
1590 2644 1647 2685 nil
