1846 3136
1534 172 1592 218 69

195 293 339 320 earum
391 278 631 334 argumenti
685 292 894 317 summam
944 278 1165 332 expressit.
1210 276 1421 318 Primaria
1473 292 1591 332 repu-

194 362 328 404 gnans
358 348 547 403 opinioni
586 349 757 388 nostrae
788 360 914 387 causa
943 346 986 386 in
1018 346 1186 387 nomine
1216 344 1430 400 Deiphobi
1472 361 1592 400 quae-

193 416 326 458 renda
371 420 506 465 esset3
557 416 664 456 hanc
707 430 809 456 vero
855 414 1076 455 sustulerit
1120 415 1202 455 iam
1253 415 1479 469 cogitatio,
1532 414 1592 456 ita

194 485 458 541 tragoediam
503 484 711 526 elaborari
760 484 972 540 potuisse,
1021 487 1072 524 ut
1108 498 1175 532 ea,
1221 498 1328 537 quae
1371 498 1499 538 supra
1540 484 1592 524 de

193 553 424 610 Deiphobo
469 553 596 594 allata
635 557 756 602 sunt,
807 553 1080 602 eminuerint,
1128 556 1171 594 et
1209 553 1299 608 ipse
1338 552 1591 608 Deiphobus

192 627 397 678 tanquam
427 622 616 664 Helenae
647 623 800 664 coniux
822 627 865 664 et
895 626 994 678 post
1023 622 1256 664 Hectorem
1287 621 1591 676 Priamumque

193 696 386 734 mortuos
426 692 709 734 Troianorum
745 693 940 747 princeps
985 691 1114 732 fuerit
1157 705 1340 747 persona
1377 691 1591 746 primaria.

189 762 381 803 Adiuvat
420 765 562 802 autem
601 776 678 802 nos
719 762 801 802 alia
835 762 962 802 etiam
994 775 1120 801 causa
1157 774 1289 814 eaque
1326 759 1441 801 haud
1471 761 1593 816 parvi

190 831 390 886 ponderis
439 831 493 871 ad
538 833 677 872 totam
728 831 1018 884 quaestionem
1075 830 1400 872 diiudicandam.
1461 830 1592 885 Apud

189 900 460 942 Priscianum
482 899 535 940 de
565 903 686 941 metr.
709 899 807 942 Ter.
840 899 879 941 2.
908 899 958 940 15
980 899 1092 940 Attii
1120 899 1407 954 fragmentum
1436 899 1592 939 citatur

189 985 242 1011 ex
262 969 334 1013 Pe
347 970 419 1010 rsi
433 969 513 1010 dis
533 969 603 1017 (fr.
618 968 717 1022 ΙΙΙ).
755 969 854 1010 Hoc
873 983 974 1010 vero
995 968 1241 1023 tragoedia-e
1262 983 1415 1009 nomen
1435 968 1478 1008 in
1499 971 1592 1009 tota

189 1039 444 1093 antiquitate
483 1053 692 1092 nusquam
724 1038 936 1093 reperitur
975 1041 1016 1078 et
1048 1037 1124 1079 hac
1154 1053 1200 1078 re
1231 1038 1356 1078 etiam
1388 1037 1590 1092 neglecta,

188 1111 486 1163 argumentum
528 1108 803 1150 Persidarum
854 1107 966 1148 unde
1015 1107 1331 1156 desumeretur,
1374 1107 1488 1147 nulla
1533 1122 1591 1148 es-

189 1180 253 1218 set
286 1178 329 1218 in
364 1181 569 1232 promptu
595 1176 826 1232 probabilis
863 1177 1116 1219 coniectura.
1162 1176 1230 1218 Ea
1266 1177 1318 1217 de
1346 1192 1470 1218 causa
1506 1177 1591 1217 iam

189 1246 440 1288 &Velckerus
463 1247 748 1287 coniecturam
769 1246 818 1286 in
839 1246 876 1287 P
890 1246 1064 1287 erside
1092 1246 1404 1287 commendavit
1426 1250 1468 1286 et
1490 1246 1591 1287 mihi

189 1316 360 1370 quidem
409 1319 495 1356 stat
544 1316 753 1357 sententia
805 1316 965 1371 optime
1011 1330 1107 1356 eum
1155 1318 1198 1356 et
1247 1316 1465 1357 verissime
1510 1315 1592 1356 hoc

189 1385 349 1427 fecisse.
411 1386 481 1426 Ita
521 1400 573 1426 ne
609 1399 764 1426 nomen
804 1385 974 1439 quidem
1008 1383 1224 1426 Graecum
1264 1384 1416 1433 defuit,
1461 1400 1590 1439 quum

189 1455 413 1510 tragoedia
434 1454 541 1495 duos
559 1454 756 1495 habuerit
777 1454 938 1501 titulos,
961 1453 1236 1510 Deiphobum
1253 1458 1295 1496 et
1310 1455 1592 1508 Persidem.*)

306 1522 528 1575 Quaenam
572 1524 702 1565 fuerit
753 1524 998 1579 tragoediae
1051 1524 1276 1579 dispositio
1327 1527 1369 1566 et
1415 1525 1589 1565 adorna-

189 1593 272 1645 tio!
312 1608 490 1649 prorsus
528 1593 650 1635 nobis
687 1594 812 1642 latet3
864 1608 994 1647 quum
1036 1593 1152 1649 apud
1197 1594 1363 1648 epicum
1417 1596 1590 1649 poetam

188 1677 275 1703 nox
304 1663 538 1704 intercedat
568 1663 678 1704 inter
699 1662 916 1718 Deiphobi
944 1666 1125 1704 mortem
1157 1667 1199 1704 et
1230 1663 1590 1705 introductionem

193 1732 290 1786 equi
320 1732 470 1786 lignei,
509 1732 677 1773 initium
718 1732 886 1773 fabulae
925 1732 1108 1773 fortasse
1142 1732 1224 1773 fuit
1254 1733 1424 1773 ineunte
1452 1735 1589 1781 nocte,

187 1800 281 1841 finis
321 1802 689 1857 appropinquante
722 1802 809 1849 die,
852 1804 902 1842 ut
941 1801 1161 1856 Euripidis
1201 1801 1333 1843 Rhesi
1373 1805 1415 1843 et
1455 1803 1591 1843 nostri

187 1869 504 1926 Nyctegresiae.
568 1870 730 1912 Utrum
779 1871 928 1912 Attius
973 1871 1154 1925 aliquem
1201 1886 1252 1912 ex
1290 1872 1361 1920 iis,
1409 1886 1589 1925 quorum

186 1940 417 1981 laudantur
453 1940 652 1982 Persides
694 1941 812 1995 (sunt
848 1940 1074 1996 Agathou,
1122 1941 1310 1996 Iophon,
1352 1940 1588 1996 Cleophon,

187 2008 490 2063 Nicomachus)
509 2009 700 2050 imitatus
731 2010 798 2058 sit,
830 2025 907 2051 nec
938 2023 1002 2058 ne,
1034 2009 1148 2051 haud
1178 2009 1299 2051 facile
1321 2010 1587 2053 divinaveris.

186 2078 448 2134 Fragmenta
469 2081 612 2120 autem
640 2079 702 2120 ita
723 2079 956 2120 ordinanda
984 2082 1027 2120 et
1054 2078 1302 2135 explicanda
1328 2081 1587 2121 censuimus:

98 2170 179 2211 144
303 2159 338 2201 Ι.
381 2159 604 2201 Mine'rvae
652 2159 811 2201 donum
860 2160 1137 2216 armipotenti
1188 2160 1332 2202 Danai
1384 2160 1588 2203 abeuntes

611 2228 769 2271 dicant.

303 2367 341 2408 ἢ)
378 2366 428 2399 Ne
465 2367 623 2408 analogia
659 2379 836 2401 careamus
873 2369 994 2411 plena,
1030 2370 1223 2402 addendum
1264 2376 1330 2409 est,
1371 2369 1581 2412 Wagnerum

188 2426 310 2467 (poen.
339 2430 448 2467 tragg.
477 2423 595 2457 Graec.
623 2425 743 2469 fragili.
769 2436 799 2468 p.
830 2427 924 2464 10⁴2.)
963 2426 1158 2460 Nicomachi
1185 2427 1355 2459 Persidem
1384 2433 1417 2458 et
1436 2426 1587 2468 Polyxe-

190 2494 264 2514 nam
292 2483 447 2514 diversas
485 2493 551 2514 non
593 2482 719 2514 habere
754 2483 906 2521 fabulas,
942 2484 1000 2516 sed
1042 2486 1122 2516 item
1161 2485 1228 2516 duo
1263 2485 1415 2516 eiusdem
1452 2484 1588 2516 fabulae

191 2551 342 2575 nomina.

306 2596 330 2631 l.
369 2597 464 2630 Serv,
503 2595 586 2628 Dan.
619 2596 659 2629 ad
700 2598 792 2641 Virg.
831 2599 892 2632 Ae.
920 2601 950 2632 2.
982 2602 1042 2633 17:
1088 2604 1211 2631 Accms
1244 2602 1280 2631 ιίι
1311 2599 1492 2642 ῙΙείρΙιυΙιο
1528 2595 1587 2630 in*-

190 2656 357 2697 ›cripmm
385 2654 490 2686 dicit:
528 2673 632 2690 ——.
672 2655 721 2688 Cf.
750 2654 873 2698 Hygin,
903 2656 970 2690 sab.
1000 2658 1081 2691 108:
1112 2655 1154 2688 Et
1184 2659 1215 2689 in
1244 2667 1332 2700 equo
1359 2657 1586 2698 scripserant:

191 2711 324 2752 „Danai
354 2712 527 2745 Minervae
552 2713 644 2746 dono
672 2713 790 2747 dantf⁶
