1856 3027
138 415 210 460 84.

233 103 289 144 42

234 208 410 248 deorum
442 221 531 247 esse
553 207 777 262 imperium
809 207 1127 261 potentiamque
1159 207 1210 247 de
1239 206 1504 255 hominibus3
1538 223 1634 248 non-

234 277 311 317 nisi
344 276 408 317 his
440 276 618 331 benigne
650 275 948 317 adiuvantibus
982 276 1182 317 mortales
1205 277 1291 317 vita
1322 276 1526 330 bonisque
1552 276 1634 317 frui

232 361 379 402 posse:

351 416 461 458 XX.
505 415 616 456 Nam
640 431 723 456 non
754 415 875 456 facile
902 415 990 456 sinc
1013 416 1137 456 deum
1170 429 1298 470 opera
1330 415 1515 456 humana
1542 431 1634 470 pro-

654 485 745 540 pria
777 484 876 526 sunt
907 484 1030 526 bona.

491 848 548 890 11.
612 845 1382 890 NEOPTOLEMUS.

352 965 421 1007 Cf.
454 964 657 1006 Welcker.
691 966 744 1005 tr.
780 962 857 1005 Gr.
890 978 931 1018 p.
969 962 1051 1004 144
1083 978 1144 1018 sq,

351 1045 576 1102 Sophoclis
631 1045 825 1100 Dolopes
887 1047 930 1086 et
985 1044 1244 1086 Phoenicem
1307 1045 1392 1087 duo
1447 1046 1632 1086 eiusdem

233 1117 478 1172 tragoediae
519 1116 690 1156 nomina
739 1114 869 1155 fuisse
921 1118 1071 1156 contra
1112 1114 1377 1155 Brunckium
1419 1116 1490 1169 qui
1532 1115 1636 1156 duas

232 1186 362 1228 fuisse
392 1185 556 1227 fabulas
588 1185 763 1234 censuit,
801 1184 1046 1226 WVclckcrus
1079 1185 1309 1226 contendit.
1371 1184 1513 1226 Huius
1546 1185 1637 1225 dra-

234 1256 358 1297 matis
393 1255 634 1311 fragmenta
672 1269 781 1309 quae
820 1255 1054 1310 perexigua
1084 1256 1253 1295 tantum
1295 1257 1415 1303 sunt,
1460 1254 1635 1295 dubium

232 1326 498 1380 relinquunt,
536 1341 638 1366 num
674 1324 900 1367 Phoenicis
938 1324 992 1365 ad
1032 1323 1208 1366 Peleum
1249 1324 1456 1365 adventus
1493 1324 1561 1377 (Il.
1601 1324 1635 1365 I.

232 1396 318 1439 448
340 1423 397 1428 —-
418 1394 538 1449 480.)
564 1396 865 1450 argumentum
896 1393 1044 1434 fuerit:
1079 1393 1152 1435 sed
1173 1394 1286 1434 Attii
1313 1393 1636 1450 Neoptolemus,

233 1481 363 1520 quum
415 1480 568 1520 magna
619 1479 715 1506 cum
765 1463 1128 1505 verisimilitudine
1176 1464 1359 1505 imitatio
1413 1462 1638 1519 Sophoclis

231 1535 456 1578 Phoenicis
486 1534 707 1582 habeatur,
740 1534 906 1582 evincit,
939 1532 1210 1589 Neoptolemi
1239 1533 1384 1589 potius
1416 1547 1468 1574 ex
1501 1532 1637 1588 Scyro

231 1607 274 1647 in
309 1608 448 1647 castra
478 1605 664 1646 Troiana
696 1604 945 1644 arcessitum
977 1603 1214 1644 subiectum
1256 1603 1398 1644 fuisse.
1460 1602 1638 1643 Achillis

231 1677 342 1718 enim
372 1678 472 1731 post
503 1677 685 1716 mortem
722 1672 877 1716 Graeci
909 1688 961 1715 ex
992 1673 1145 1714 Heleni
1183 1672 1235 1714 ab
1266 1672 1396 1714 Ulixe
1427 1672 1541 1727 capti
1571 1687 1638 1713 va-

231 1746 378 1788 ticinio
428 1743 580 1800 (Soph.
627 1743 739 1785 Phil.
791 1742 901 1784 1329
953 1757 1014 1797 sq.
1072 1743 1216 1796 1434.)
1265 1756 1516 1798 persuasum
1569 1741 1637 1782 ha<

231 1815 411 1863 bebant‚
444 1814 621 1855 Troiam
654 1814 742 1854 sine
773 1812 950 1854 Achillis
981 1813 1068 1854 filio
1098 1815 1141 1853 et
1172 1812 1440 1854 Philoctetae
1471 1812 1639 1867 sagittis

232 1886 327 1941 capi
367 1900 452 1926 non
489 1899 628 1939 posse.
690 1883 816 1925 Missi
855 1883 988 1937 igitur
1026 1885 1126 1923 sunt
1165 1881 1362 1924 Phoenix
1400 1884 1442 1923 et
1472 1881 1636 1930 Ulixes,

232 1955 304 2009 qui
353 1953 684 2009 Neoptolemum
737 1952 997 1993 adducerent
1037 1951 1189 2007 (Soph.
1241 1951 1355 1994 Phil.
1405 1951 1490 1993 343
1541 1952 1635 2005 sq.).

233 2024 437 2067 Ceterum
460 2026 759 2079 argumentum
787 2022 931 2078 paullo
963 2023 1201 2063 accuratius
1231 2021 1492 2077 descriptum
1524 2020 1638 2062 Wel-

232 2095 383 2136 ckerus
405 2094 677 2149 investigavit
699 2092 814 2148 apud
834 2091 1147 2134 Philostratuln
1177 2091 1330 2146 (Imag.
1359 2092 1412 2145 1).
1442 2089 1638 2132 Phoenix

233 2166 276 2206 in
317 2164 497 2205 insulam
528 2162 710 2219 Scyrum
753 2162 956 2218 appulsus
986 2161 1147 2202 iuvenit
1187 2161 1381 2202 iuvenem
1411 2159 1638 2215 Neoptole-

233 2250 371 2283 mum,
416 2234 488 2288 qui
528 2232 800 2289 parentibus,
849 2232 964 2286 quod
1007 2245 1103 2272 eum
1146 2231 1189 2271 in
1231 2230 1387 2272 bellum
1427 2229 1638 2286 proficisci

232 2303 537 2361 prohibebant,
570 2304 705 2344 iratus
738 2302 792 2342 ad
823 2315 974 2356 greges
1006 2303 1261 2350 secesserat,
1294 2301 1487 2341 armenta
1517 2299 1638 2340 omit-

233 2376 393 2417 tentem
424 2376 602 2429 propter
633 2372 912 2428 cogitationes
945 2370 997 2412 de
1027 2369 1152 2413 bello.
1215 2368 1361 2421 Quum
1392 2368 1460 2410 ille
1492 2368 1639 2425 agnito

353 2595 426 2630 ΧΧ,
460 2594 546 2630 Non.
576 2605 605 2636 p.
635 2596 712 2629 362.
739 2596 770 2628 3.
823 2595 1012 2637 Proprium
1040 2593 1243 2624 diuturnmn
1266 2610 1284 2616 -
1308 2612 1326 2617 -
1348 2591 1532 2633 Proprium
1559 2600 1638 2619 rm-

234 2666 290 2685 sus
317 2652 496 2698 significat
522 2662 723 2696 perpetuum
752 2670 764 2677 —
794 2673 811 2678 -
839 2653 963 2683 Accius
992 2657 1178 2683 Armorum
1206 2649 1358 2681 iudicio:
1387 2666 1475 2672 -—
