1846 3136
125 2248 196 2291 85.
217 2266 227 2272 ·

1545 177 1600 217 43

207 281 352 323 statim
392 280 472 322 hoc
503 296 555 322 ex
596 281 735 322 forma
773 280 964 335 corporis
996 279 1207 333 facieque,
1246 281 1338 333 quis
1370 284 1480 321 esset
1510 295 1599 335 ape-

209 352 381 399 ruisset,
424 351 646 392 nunciatur
686 350 918 405 Lycomcdi
949 352 992 390 et
1021 349 1282 390 Deidamiae.
1345 349 1480 390 Scena
1508 349 1603 389 inde

207 424 299 462 erat
338 420 504 461 fabulae
544 421 585 460 in
627 420 760 475 Scyro
800 419 956 467 insula,
1000 419 1153 460 chorus
1204 419 1317 474 apud
1350 418 1602 474 Sophoclem

206 490 399 545 Dolopes
439 490 662 531 Phoenicis
705 489 881 530 comites
919 492 1051 532 erant.
1114 488 1295 529 Etiamsi
1339 487 1605 529 Philoctetae

209 559 436 615 Sophoclei
465 559 658 613 analogia
680 574 917 614 repugnare
947 559 1128 606 videtur,
1163 572 1312 599 censeo
1334 561 1475 598 tamen
1498 557 1604 597 duos

208 630 275 671 hic
313 629 443 670 fuisse
484 630 767 677 arcessitores‚
809 628 1066 670 Phoenicem
1102 631 1143 668 et
1184 627 1379 676 Ulixem,
1426 627 1543 667 illum
1585 642 1606 667 e

208 700 376 741 nomine
424 699 669 755 tragoediae
712 698 958 754 Sophoclis,
999 697 1110 739 hunc
1151 712 1172 738 e
1212 697 1402 753 pluribus
1442 696 1607 737 Attiani

208 769 478 824 Neoptolemi
523 768 773 824 fragmentis
815 769 1013 823 cognosci
1057 767 1167 809 licet.
1228 767 1354 808 Adde
1387 765 1608 821 Sophoclis

208 839 348 880 locum
388 840 431 879 in
470 838 709 881 Philoctete
748 837 850 892 (343
888 865 944 869 —
987 837 1090 891 347)
1129 837 1201 878 ubi
1240 837 1330 892 ipse
1370 837 1477 877 duos
1516 835 1608 876 illos

209 909 337 950 duces
369 909 423 949 ad
454 908 635 964 Scyrum
677 909 896 963 navigasse
928 908 999 950 ait.
1063 907 1193 959 Quod
1230 906 1476 948 Welckerus
1507 905 1609 946 veri-

209 979 344 1020 simile
376 978 548 1027 iudicat,
580 978 695 1033 apud
728 977 944 1020 Graecum
974 980 1146 1033 poetam
1178 992 1309 1017 unum
1339 975 1608 1022 Phoenicem,

210 1048 325 1104 apud
345 1049 551 1090 Latinum
583 1063 715 1088 unum
737 1047 895 1089 Ulixen
925 1047 1114 1103 legatum
1144 1046 1436 1088 introductum
1465 1044 1607 1091 fuisse,

209 1119 248 1159 ei
276 1118 395 1160 loeus
428 1117 689 1173 Sophocleus
721 1118 848 1158 modo
880 1117 1032 1158 allatus
1074 1117 1345 1165 adversatur,
1383 1117 1427 1156 et
1461 1117 1610 1156 nostro

210 1188 324 1229 nulla
354 1188 525 1229 omnino
557 1202 683 1229 causa
713 1186 900 1228 fabulam
932 1187 992 1227 ita
1021 1187 1212 1228 variandi
1243 1184 1555 1241 suppeditabat.

326 1257 442 1300 Puto
482 1257 812 1313 Neoptolemum
853 1257 980 1298 duces
1010 1272 1035 1297 a
1073 1256 1219 1298 littore
1258 1256 1311 1296 ad
1351 1255 1513 1310 regiam
1544 1253 1612 1294 ad-

211 1328 395 1377 duxisse,
428 1326 501 1368 ubi
531 1343 556 1368 a
577 1327 787 1381 colloquio
817 1327 942 1368 hasce
972 1327 1083 1368 inter
1110 1329 1197 1367 tres
1219 1340 1423 1382 personas
1448 1328 1612 1380 tragoe-

211 1397 282 1438 dia
316 1397 482 1438 initium
514 1397 684 1452 ceperit.
728 1397 929 1437 Iuvenem
959 1398 1111 1452 sponte
1140 1397 1224 1437 iam
1245 1398 1446 1451 paratum
1477 1393 1612 1449 magis

211 1467 341 1508 etiam
381 1467 511 1522 legati
551 1467 605 1508 ad
636 1466 943 1522 profectionem
974 1466 1183 1515 alliciunt,
1228 1480 1312 1520 quo
1353 1464 1539 1513 facilius,
1580 1463 1614 1503 si

212 1552 320 1592 opus
372 1536 507 1586 foret,
559 1536 807 1592 parentibus
852 1536 981 1577 etiam
1030 1536 1196 1584 invitis,
1251 1549 1347 1576 eum
1388 1533 1612 1589 abripiant.

214 1605 360 1658 Quare
398 1606 594 1649 Phoenix
633 1606 823 1660 loquitur
864 1605 916 1646 de
956 1605 1092 1661 gloria
1132 1604 1423 1660 adipiscenda,
1466 1603 1614 1645 Ulixes

212 1677 428 1732 promittit
459 1691 578 1717 arma
618 1677 765 1731 patris,
826 1674 1092 1717 Difficillima
1130 1674 1353 1730 legationis
1393 1687 1493 1728 pars
1524 1675 1616 1713 erat

213 1745 362 1802 procul
383 1744 512 1787 dubio
534 1749 728 1795 matrem,
761 1760 870 1800 quae
890 1745 1054 1786 Achille
1085 1747 1255 1786 mortuo
1285 1743 1615 1799 Neoptolemum

215 1815 350 1870 magis
364 1816 492 1856 etiam
510 1815 693 1864 amabat,
713 1830 762 1856 eo
785 1815 1006 1863 adducere,
1024 1817 1073 1855 ut
1090 1814 1141 1855 de
1156 1814 1230 1855 filii
1246 1814 1508 1870 protectione
1524 1827 1617 1853 con-

214 1885 402 1927 sentiret.
435 1884 533 1926 Hoc
553 1887 602 1926 ut
618 1888 837 1941 perpetret
857 1885 1002 1926 dolum
1021 1883 1263 1925 adhibuisse
1283 1883 1452 1924 videtur
1467 1882 1618 1924 Ulixes

216 1954 438 2003 simulans,
485 1955 775 2011 Lycomedem
812 1955 897 1995 iam
928 1969 1019 1995 esse
1052 1969 1293 2003 assensum,
1326 1956 1368 1994 et
1400 1955 1449 1993 ut
1478 1952 1618 1994 verisi-

216 2024 325 2065 milis
355 2039 405 2065 ea
433 2039 501 2066 res
531 2025 796 2074 redderetur,
830 2027 960 2080 poeta
990 2023 1130 2078 aliqua
1161 2023 1213 2064 de
1244 2038 1370 2064 causa
1400 2022 1618 2063 absentem

216 2094 329 2136 huno
356 2094 558 2144 finxerat,
598 2095 729 2136 veluti
759 2094 939 2135 venandi
969 2093 1119 2149 gratia.
1182 2092 1433 2134 Deidamiae
1473 2092 1616 2147 igitur,

218 2164 291 2206 ubi
321 2179 344 2206 e
373 2165 491 2220 regia
519 2165 728 2220 processit
762 2189 812 2193 ——

334 2235 369 2277 I.
408 2234 553 2289 Atque
584 2233 691 2275 adeo
721 2234 864 2275 valvas
895 2232 1044 2275 sonere
1074 2233 1184 2274 sensi
1214 2232 1354 2287 regias

222 2331 273 2336 —-
306 2304 409 2359 quid
438 2303 681 2360 postulent,
714 2303 842 2345 duces
875 2303 1171 2358 pronunciant.
1233 2301 1498 2357 Ignominiae
1529 2314 1619 2340 esse

218 2375 306 2416 filio
337 2375 497 2422 otium,
530 2373 631 2414 dum
662 2375 785 2429 pater
813 2373 973 2415 inultus
1005 2374 1195 2420 maneat3
1227 2385 1325 2412 nam

339 2595 362 2631 l,
398 2596 482 2629 Non.
511 2606 541 2638 p.
571 2598 647 2629 505.
681 2597 729 2629 12.
767 2597 896 2626 Sumere
924 2614 942 2619 -
968 2614 986 2619 -
1015 2599 1137 2625 Accms
1165 2592 1406 2635 Neoptolemo:
1428 2590 1619 2626 ——.Cl'‚:

222 2656 334 2698 Atque
363 2654 472 2686 adeo
501 2655 531 2685 in
561 2655 633 2695 ipso
661 2659 816 2694 tempore
851 2661 967 2683 eccum
999 2650 1149 2685 obviam,
1201 2649 1272 2684 Ter.
1301 2649 1404 2684 Andr,
1439 2649 1470 2684 3,
1504 2649 1535 2681 2.
1563 2651 1617 2684 52,

222 2712 318 2744 Adeo
347 2718 397 2744 cst-
423 2717 573 2744 nostrum
602 2710 796 2743 encliticam
825 2709 928 2751 ‚‚ja“,
958 2719 988 2743 v.
1015 2719 1048 2751 g.
1076 2708 1116 2740 da
1145 2709 1185 2739 ist
1214 2718 1249 2739 er
1270 2707 1315 2748 ja
1342 2706 1461 2738 sclhst!
